2476 3516
1 2882 9 2981 ,2--—⁴›>
0 2433 9 2871 -—-=>-‹-——?—-—-—,-——-——--——u--m·2
0 2368 4 2422 omm-

356 630 417 651 Μυιι
427 644 432 654 ,
448 632 487 655 640

337 2018 414 2044 Mun..
427 2020 474 2044 640,
491 2019 499 2039 1

543 224 562 258 8
894 206 899 211 ’
1138 224 1444 261 ANONYMUS
1473 223 1814 262 VALESIANUS

1956 302 2395 311 ........................-..-.........-......--.›..-...

540 355 653 388 ritimo
678 356 728 388 sic
752 355 948 389 Amandum
972 355 1065 392 vicit,
1083 360 1119 387 ut
1141 354 1198 386 vix
1213 365 1277 396 per
1292 364 1362 391 eos,
1378 354 1436 397 qui
1453 354 1489 386 in
1505 354 1604 387 litore
1620 351 1866 393 remanserant,
1884 356 1982 389 vivus
1997 355 2175 390 Amandus
2197 358 2393 402 refugeret:
2418 364 2422 389 Γ
2455 363 2463 402 ξ

540 409 660 441 classis
683 419 766 441 vero
789 408 902 441 Licini
926 408 982 440 vel
1006 417 1172 450 oppressa
1194 407 1249 439 vel
1273 413 1375 448 capta
1399 412 1460 439 est.
1500 407 1579 448 [27].
1603 406 1769 445 Licinius,
1792 407 1977 450 desperata
1998 410 2102 442 maris
2124 421 2198 453 spe,
2213 421 2278 453 per
2299 411 2417 457 quod
2411 421 2416 435 ÷
2459 409 2462 424 ³

539 472 576 494 se
600 462 735 495 viderat
759 461 998 499 obsidendum,
1022 460 1281 493 Chalcedonam
1298 470 1376 492 eum
1391 460 1561 492 thesauris
1584 460 1724 504 refugit.
1763 460 1968 504 Byzantium
1992 461 2236 497 Constantinus
2261 464 2396 504 invasit,
2459 495 2462 499 .

543 515 720 547 victoriam
743 515 946 547 maritimam
969 512 1093 555 Crispo
1117 513 1346 545 conveniente
1363 522 1590 556 cognoscens.
1628 512 1764 546 Deinde
1780 513 1874 555 apud
1890 513 2132 558 Chrysopolim
2147 515 2304 549 Licinius
2322 517 2396 560 [pu-
2422 515 2423 519 ’
2459 514 2463 517 ’

541 568 682 610 gnavit],
705 568 851 599 maxime
875 565 1117 599 auxiliantibus
1140 564 1274 603 Gothis,
1299 575 1385 607 quos
1407 564 1509 598 Alica
1533 565 1660 609 regalis
1675 564 1885 599 deduxerat:
1901 571 1973 599 tum
1996 565 2210 601 Constantini
2227 579 2309 612 pars
2324 569 2418 603 vin-
2423 591 2426 598 ι

543 630 626 652 cens
642 629 713 652 xxv
728 620 822 651 milia
837 618 1058 651 armatorum'
1075 617 1175 656 fudit,
1191 618 1299 660 partis
1314 617 1482 650 adversae
1506 618 1632 651 ceteris
1647 617 1869 662 fugientibus.
1908 618 1988 660 [28].
2003 618 2129 653 Postea
2144 631 2222 654 cum
2242 621 2398 665 legiones

541 672 756 706 Constantini
773 683 836 714 per
847 672 1000 704 liburnas
1012 672 1131 704 venire
1143 671 1320 709 vidissent,
1332 671 1497 714 proiectis
1513 672 1626 709 armis,
1639 682 1676 704 se
1692 671 1919 704 dediderunt:
1934 673 2092 715 sequenti
2107 679 2222 707 autem
2237 674 2296 707 die
2306 674 2399 708 Con-

540 726 675 763 stantia,
692 736 788 758 soror
811 724 1038 762 Constantini,
1061 734 1147 756 uxor
1169 723 1294 761 Licini,
1317 723 1412 755 venit
1426 723 1473 756 ad
1488 729 1602 756 castra
1625 723 1742 756 fratris
1758 729 1794 756 et
1808 724 1931 757 marito
1947 724 2052 757 vitam
2067 725 2227 768 poposcit
2241 732 2277 759 et
2291 727 2399 770 impo-
2422 752 2424 755 ,

540 779 651 811 travit.
687 779 739 811 Ita
755 778 910 810 Licinius
926 778 1080 819 privatus
1096 778 1208 810 factus
1225 782 1278 809 est
1293 782 1328 809 et
1344 777 1503 809 convivio
1526 776 1742 809 Constantini
1757 776 1932 810 adhibitus
1948 783 1984 810 et
1998 777 2208 812 Martiniano
2223 779 2294 813 vita
2317 789 2400 814 con-

543 842 640 864 cessa
657 837 718 864 est.
757 831 836 873 [29].
852 830 1007 863 Licinius
1030 830 1316 863 Thessalonicam
1338 830 1460 862 missus
1483 836 1545 868 est,
1568 829 1631 863 sed
1654 829 1810 863 Herculii
1838 829 2040 863 Maximiani
2064 832 2177 864 soceri
2207 832 2259 865 sui
2289 839 2400 867 mot!-
2419 846 2421 850 ⁴
2466 821 2468 828 V

545 885 713 927 exemplo,
730 895 774 917 ne
798 885 921 917 iterum
945 883 1138 926 depositam
1162 894 1348 926 purpuram
1371 883 1407 916 in
1423 883 1614 926 perniciem
1630 883 1844 926 reipublicae
1860 889 2024 923 sumeret,
2038 885 2185 918 tumultu
2199 885 2402 920 militaribus

545 937 771 982 exigentibus,
784 938 820 970 in
833 938 1084 970 Thessalonica
1096 938 1193 970 iussit
1205 936 1330 975 occidi,
1342 936 1590 970 Martinianum
1601 937 1638 969 in
1649 936 1885 979 Cappadocia.
1909 936 1979 975 Qui
1992 938 2152 982 regnavit
2162 949 2271 972 annos
2280 948 2400 979 xvmx,
2428 982 2429 985 Ἴ

543 991 613 1023 filio
637 997 672 1023 et
694 1001 801 1023 uxore
825 991 1019 1033 superstite,
1034 991 1201 1034 quamvis,
1217 989 1374 1023 omnibus
1398 990 1466 1022 iam
1489 990 1652 1023 ministris
1668 990 1825 1023 nefariae
1848 991 2100 1033 persecutionis
2123 992 2295 1031 extinctis,
2309 992 2402 1026 hunc
2425 1013 2430 1024 ι,

542 1055 680 1088 quoque
704 1045 740 1077 in
763 1051 927 1088 quantum
951 1055 1116 1077 exercere
1140 1044 1276 1087 [potuit]
1300 1049 1559 1086 persecutorem
1582 1043 1690 1088 digna
1713 1044 1846 1086 punitio
1862 1043 2044 1088 flagitaret.
2430 1040 2432 1046 ’

633 1151 661 1183 8.
679 1170 719 1174 —
745 1151 826 1193 [30].
842 1150 1086 1183 Constantinus
1109 1156 1224 1182 autem
1247 1161 1291 1182 ex
1314 1149 1377 1192 [se]
1394 1149 1597 1193 Byzantium
1613 1148 1947 1193 Constantinopolim
1970 1153 2182 1195 nuncupavit
2196 1152 2243 1186 ob
2256 1152 2401 1197 insignis

543 1205 709 1237 victoriae
722 1204 958 1246 [memoriam],
970 1215 1073 1247 quam
1090 1204 1183 1236 velut
1199 1204 1345 1246 patriam
1362 1203 1456 1236 cultu
1471 1203 1651 1236 decoravit
1663 1203 1795 1248 ingenti
1810 1210 1845 1237 et
1860 1205 1996 1238 Romae
2011 1205 2224 1240 desideravit
2238 1207 2399 1251 aequari:

544 1259 673 1291 deinde
696 1258 860 1301 quaesitis
885 1259 916 1290 ei
941 1258 1094 1300 undique
1118 1257 1251 1290 civibus
1267 1257 1405 1290 divitias
1427 1257 1551 1290 multas
1566 1257 1710 1301 largitus
1733 1263 1796 1296 est,
1818 1263 1856 1291 ut
1871 1268 1980 1301 prope
2004 1259 2041 1292 in
2057 1269 2099 1292 ea
2122 1270 2241 1294 omnes
2262 1261 2406 1294 thesau-

543 1322 599 1344 ros
616 1311 675 1354 [et]
692 1311 806 1355 regias
822 1311 1006 1344 facultates
1030 1311 1244 1343 exhauriret:
1260 1310 1308 1343 ibi
1325 1311 1428 1343 etiam
1442 1316 1600 1343 senatum
1615 1311 1791 1344 constituit
1806 1311 1951 1344 secundi
1967 1312 2109 1352 ordinis,
2125 1313 2239 1346 claros
2254 1314 2402 1347 vocavit.

546 1365 625 1407 [31].
642 1364 778 1397 Deinde
794 1364 978 1397 adversum
1000 1364 1135 1397 Gothos
1151 1363 1280 1396 bellum
1304 1363 1456 1406 suscepit
1471 1369 1506 1396 et
1521 1363 1782 1406 implorantibus
1798 1362 1965 1398 Sarmatis
1987 1365 2150 1398 auxilium
2165 1366 2243 1400 tulit
2249 1378 2259 1405 ;
2275 1367 2323 1400 ita
2337 1377 2402 1410 per
2431 1391 2433 1395 -

546 1418 809 1451 Constantinum
832 1418 1019 1451 Caesarem
1042 1423 1180 1451 centum
1203 1428 1313 1460 prope
1343 1417 1437 1450 milia
1460 1417 1553 1450 fame
1577 1423 1612 1450 et
1642 1417 1774 1461 frigore
1797 1418 1949 1451 extincta
1972 1425 2068 1457 sunt3
2091 1425 2174 1453 tunc
2204 1426 2241 1453 et
2262 1419 2402 1454 obsides
2424 1439 2426 1441 >

544 1472 693 1514 accepit,
709 1472 799 1504 inter
814 1482 901 1515 quos
916 1471 1066 1504 Ariarici
1083 1471 1176 1515 regis
1192 1471 1308 1503 filium.
1351 1471 1434 1513 [32].
1449 1469 1509 1503 Sic
1533 1481 1611 1503 cum
1627 1470 1680 1503 his
1696 1481 1784 1513 pace
1808 1472 1942 1504 firmata
1957 1472 1994 1504 in
2008 1471 2184 1506 Sarmatas
2205 1483 2325 1508 versus
2339 1477 2418 1513 est,

547 1526 605 1569 qui
629 1525 756 1558 dubiae
787 1525 869 1558 fidei
892 1524 1129 1568 probabantur
1136 1536 1146 1562 3
1177 1524 1240 1557 sed
1264 1524 1354 1556 servi
1384 1523 1619 1557 Sarmatarum
1641 1524 1826 1557 adversum
1856 1535 1976 1558 omnes
1999 1526 2157 1560 dominos
2178 1526 2403 1567 rebellarunt,
2432 1540 2437 1541 ⁷

545 1590 632 1623 quos
654 1579 771 1622 pulsos
793 1578 1038 1612 Constantinus
1061 1578 1210 1611 libenter
1233 1578 1371 1620 accepit
1387 1584 1422 1611 et
1437 1578 1583 1621 amplius
1598 1584 1756 1612 trecenta
1778 1578 1873 1611 milia
1889 1579 2063 1612 hominum
2085 1580 2212 1614 mixtae
2233 1581 2405 1615 aetatiset

546 1643 647 1665 sexus
659 1643 723 1675 per
735 1632 933 1670 Thraciam,
945 1631 1136 1676 Scythiam,
1148 1631 1393 1664 Macedoniam
1405 1631 1610 1674 Italiamque
1622 1631 1749 1664 divisit.
1766 1631 1849 1674 [33].
1862 1632 1949 1665 Item
1963 1631 2208 1667 Constantinus
2219 1634 2409 1678 imperator
2431 1659 2434 1675 2
2471 1673 2473 1680 Α

546 1686 675 1728 primus
690 1685 915 1724 Christianus,
932 1691 1079 1728 excepto
1094 1685 1268 1727 Philippo,
1279 1685 1339 1728 qui
1355 1684 1571 1718 Christ-ianus
1586 1684 1772 1718 admodum
1787 1685 1834 1719 ad
1849 1686 1917 1719 hoc
1931 1692 2064 1720 tantum
2079 1688 2281 1722 constitutus
2297 1689 2404 1722 fuisse
2426 1710 2428 1713 ν

546 1740 629 1772 mihi
653 1740 745 1772 visus
768 1745 830 1778 est,
845 1745 884 1772 ut
898 1740 1098 1772 millesimus
1121 1739 1256 1772 Romae
1279 1749 1390 1772 annus
1405 1738 1544 1772 Christo
1567 1739 1681 1782 potius
1703 1749 1808 1782 quam
1831 1739 1933 1773 idolis
1956 1741 2142 1775 dicaretur.
2186 1741 2221 1775 A
2236 1741 2406 1776 Constan-
2470 1733 2473 1743 ¹

546 1794 619 1827 tino
641 1799 756 1826 autem
779 1803 898 1826 omnes
921 1804 1058 1836 semper
1082 1791 1268 1826 Christiani
1293 1792 1519 1835 imperatores
1542 1793 1703 1836 usquein
1727 1792 1932 1826 hodiernum
1948 1794 2042 1827 diem
2065 1796 2174 1829 creati
2196 1801 2287 1835 sunt,
2303 1805 2405 1830 exce·

548 1853 607 1890 pto
630 1846 774 1885 Iuliano,
790 1858 893 1890 quem
909 1847 1024 1889 impia,
1047 1853 1085 1879 ut
1100 1847 1205 1885 aiunt,
1222 1847 1477 1880 machinantem
1494 1846 1640 1880 exitialis
1663 1847 1734 1879 vita
1748 1846 1913 1880 deseruit.
1958 1848 2043 1891 [34].
2058 1848 2146 1882 Item
2161 1848 2406 1884 Constantinus

547 1902 635 1934 iusto
659 1900 781 1933 ordine
805 1907 840 1933 et
862 1901 921 1944 pio
944 1901 1056 1934 vicem
1080 1901 1193 1938 vertit,
1206 1899 1322 1934 edicto
1345 1901 1372 1933 si
1396 1900 1537 1944 quidem
1560 1901 1677 1934 statuit
1699 1901 1787 1934 citra
1809 1901 1916 1934 ullam
1939 1902 2084 1936 caedem
2101 1903 2276 1937 hominum
2299 1913 2406 1949 paga-
2434 1892 2436 1897 Δ

547 1965 668 1988 norum
690 1954 819 1997 templa
843 1954 969 1988 claudi.
1015 1954 1100 1988 Mox
1125 1954 1318 1988 Gothorum
1342 1955 1546 1988 fortissimas
1570 1961 1605 1988 et
1627 1955 1881 1998 copiosissimas
1903 1962 2027 2000 gentes
2056 1957 2094 1990 in
2116 1958 2193 2000 ipso
2222 1956 2406 1991 barbarico
2471 1996 2473 2003 Ι

546 2008 609 2041 soli
633 2009 720 2047 sinu,
736 2008 804 2041 hoc
820 2014 872 2041 est
887 2009 924 2042 in
938 2007 1173 2042 Sarmatarum
1195 2009 1350 2053 regione,
1366 2008 1507 2042 delevit.
1553 2008 1781 2042 Calocaerum
1797 2009 1971 2052 quendam
1986 2010 2036 2043 in'
2060 2009 2180 2055 Cypro
2194 2011 2403 2054 aspirantem
2470 2005 2473 2014 ¹

548 2062 646 2095 novis
669 2061 773 2095 rebus
797 2062 979 2105 oppressit.
2436 2058 2439 2067 ²

637 2169 668 2202 9.
691 2187 733 2194 -
756 2169 841 2213 [35].
865 2169 1083 2209 Dalmatiam,
1106 2170 1213 2204 filium
1237 2169 1354 2205 fian-ia
1384 2170 1435 2204 sui
1460 2170 1620 2210 balmas,
1651 2170 1838 2204 Caesarem
1861 2170 1965 2209 feci„
1987 2172 2062 2205 eius
2085 2170 2230 2206 fratrem
2251 2170 2407 2206 Anniba,-
2441 2162 2444 2165 '

650 2339 673 2358 1.
692 2331 755 2364 vix]
774 2332 819 2356 vis
836 2332 863 2355 B
886 2344 897 2350 -
921 2331 1036 2356 licitere
1053 2332 1080 2356 B
1098 2344 1107 2350 -
1127 2338 1157 2357 re
1175 2332 1308 2366 effugeret
1325 2332 1352 2357 B
1371 2346 1404 2352 —
1423 2339 1448 2358 2.
1467 2332 1551 2357 clasis
1572 2332 1599 2356 B
1617 2345 1627 2351 -
1647 2331 1727 2365 vero]
1747 2340 1786 2358 vo
1803 2333 1831 2356 B
1848 2345 1859 2351 -
1884 2338 2000 2367 opressa
2016 2332 2043 2356 B
2060 2344 2071 2350 -
2096 2331 2203 2356 licinus
2222 2330 2406 2366 dhperataB

549 2388 581 2392 —
602 2381 626 2407 3.
645 2373 757 2399 calcide
777 2380 843 2398 nam
855 2373 881 2397 B
899 2386 910 2392 -
928 2374 1049 2398 tesauris
1061 2373 1088 2398 B
1106 2387 1116 2392 -
1142 2374 1303 2399 bizantium
1323 2375 1350 2400 B
1367 2388 1400 2394 —
1421 2382 1446 2407 ⁴·
1464 2374 1590 2400 victoria
1614 2374 1788 2400 maritimam
1814 2375 1939 2408 crispum
1955 2374 2176 2400 convenientem
2195 2373 2223 2398 B
2240 2386 2252 2392 -
2276 2373 2406 2408 crisopo-
2474 2394 2476 2404 Α

549 2416 602 2440 lim
619 2416 646 2440 B
663 2430 696 2434 —
715 2421 787 2447 4-5.
814 2415 956 2448 pugnavit
979 2422 1073 2447 cong„-
1097 2423 1146 2440 om.
1165 2416 1192 2439 B
1211 2429 1243 2434 —
1264 2422 1288 2448 5.
1314 2417 1454 2441 maxime
1471 2417 1498 2440 B
1524 2429 1535 2435 -
1560 2416 1659 2448 aliqua
1676 2416 1722 2444 Β,·
1746 2416 1822 2442 alica
1840 2415 1904 2440 3¹·
1929 2429 1940 2435 -
1958 2416 2064 2449 regulis
2084 2415 2111 2440 B
2128 2428 2139 2434 -
2164 2414 2239 2449 tum]
2258 2415 2406 2440 cumB—
2435 2423 2437 2426 ⁴
2475 2421 2476 2428 ¹

549 2458 603 2491 5-6.
622 2458 755 2483 vinc*ens
768 2458 795 2482 B
807 2472 840 2476 —
858 2457 884 2482 6.
898 2457 980 2482 milia
997 2465 1046 2482 om.
1059 2458 1085 2481 B
1101 2472 1132 2476 —-
1146 2464 1170 2491 7.
1189 2458 1333 2483 liburnam
1345 2459 1372 2482 B
1378 2469 1389 2487 ,-
1409 2459 1579 2484 Liburniam
1600 2459 1624 2483 G
1640 2457 1666 2481 V
1678 2471 1690 2476 -
1708 2459 1845 2492 proiectis
1863 2459 1890 2483 B
1908 2471 1918 2477 -
1938 2466 1966 2484 se
1985 2458 2060 2491 dea]
2080 2457 2265 2483 reddiderunt
2276 2458 2304 2483 Β
2315 2471 2328 2478 -
2341 2457 2405 2484 diae
2475 2464 2476 2471 ¹

545 2501 572 2524 B
585 2515 617 2519 —
631 2499 656 2525 8.
668 2502 747 2525 casta
759 2500 800 2530 B;
814 2500 905 2524 castra
918 2497 961 2522 B²
974 2512 986 2518 -
1005 2500 1067 2524 vita
1078 2500 1105 2523 B
1118 2514 1150 2518 —-
1164 2498 1220 2532 8·9.
1239 2501 1398 2534 inpetravit
1409 2501 1436 2525 B
1449 2515 1483 2519 —
1495 2509 1521 2534 9.
1541 2500 1736 2526 Martinia*no
1750 2501 1777 2526 B
1795 2515 1828 2519 —
1850 2508 1892 2526 ιο.
1910 2501 2084 2526 tessalonica
2101 2500 2128 2524 B
2140 2513 2151 2519 -
2164 2500 2341 2526 maximiano
2359 2500 2405 2530 Β,·
2442 2520 2445 2521 ⁷
2472 2515 2475 2521 ›

547 2542 717 2567 maximiani
735 2540 778 2565 B¹
788 2539 798 2555 ¹²
813 2554 843 2559 -
861 2548 901 2566 11.
920 2541 1052 2574 deposita
1070 2548 1196 2574 purpora
1207 2541 1235 2565 B
1246 2555 1258 2560 -
1271 2543 1427 2575 perciniem
1445 2543 1472 2567 B
1483 2556 1495 2562 -
1507 2543 1662 2568 tumultum
1681 2542 1803 2568 militari
1814 2543 1841 2567 B
1854 2556 1887 2560 —
1910 2549 1951 2568 12.
1962 2542 2136 2568 tessalonlca
2147 2542 2175 2566 B
2187 2555 2199 2561 -
2211 2543 2284 2568 iussi.
2296 2541 2404 2569 occidit

546 2584 572 2607 B
578 2593 589 2612 ,-
609 2584 694 2608 iussit
713 2583 820 2608 occidit
833 2581 875 2606 Βι
894 2595 905 2601 -
925 2581 1105 2615 Cappadotia
1124 2582 1151 2606 B
1163 2596 1196 2601 —
1218 2590 1259 2616 13.
1278 2585 1458 2617 superstitem
1478 2585 1504 2607 Β
1522 2598 1533 2603 -
1553 2585 1681 2610 omnium
1700 2584 1744 2613 Β,·
1763 2585 1897 2610 omnibus
1920 2584 1991 2610 Oros.
2011 2597 2022 2603 ·
2041 2585 2187 2609 extInctus
2204 2584 2249 2613 Β,·
2266 2584 2402 2610 extinctis

553 2625 624 2650 Oros.
640 2638 672 2643 —-
690 2632 729 2658 14.
741 2631 870 2649 exercere
881 2625 908 2648 B
920 2632 934 2648 e
950 2623 1021 2649 Oros.
1040 2623 1112 2655 insi:
1130 2632 1243 2650 exerere
1261 2624 1332 2650 Oros.
1351 2629 1408 2658 sup.
1423 2639 1433 2644 -
1454 2627 1552 2660 potuit
1567 2626 1660 2655 Oro-n,-
1676 2634 1726 2652 om.
1738 2626 1765 2650 B
1778 2641 1810 2645 —
1832 2633 1872 2659 15.
1884 2634 1914 2651 se
1925 2634 2017 2659 cong..-
2028 2634 2077 2652 0m.
2090 2627 2117 2651 B
2130 2640 2162 2645 —
2178 2626 2220 2652 16.
2237 2626 2417 2653 memorinm'

548 2675 620 2700 cong.
628 2677 639 2695 ,·
657 2675 705 2691 om.
725 2667 751 2690 B
769 2680 779 2685 -
793 2667 871 2692 culto
889 2667 915 2690 B
928 2680 962 2685 —
977 2674 1018 2700 17.
1032 2667 1151 2699 quesitis
1169 2667 1195 2690 B
1208 2680 1218 2685 -
1232 2668 1342 2692 vicibus
1355 2668 1381 2692 B
1393 2681 1405 2687 -
1418 2668 1540 2694 divicias
1552 2669 1579 2693 B
1593 2682 1625 2687 —
1642 2668 1682 2694 18.
1695 2671 1724 2694 et
1735 2676 1828 2702 cong„-
1839 2677 1887 2694 om.
1902 2670 1928 2693 B
1941 2682 1952 2687 -
1965 2669 2056 2702 regies
2068 2669 2096 2693 Β
2101 2678 2113 2698 ,·
2131 2669 2224 2703 regins
2235 2667 2281 2694 Β*
2294 2682 2306 2688 -
2318 2676 2404 2695 exau-

550 2710 616 2734 ririt
634 2709 661 2733 Β
666 2719 678 2738 ,·
690 2709 833 2734 exani-iret
851 2709 878 2732 B
892 2706 922 2724 ¹¹³
940 2722 952 2728 -
965 2709 1084 2734 cecundi
1096 2709 1123 2732 Β
1129 2719 1140 2737 ,·
1154 2710 1270 2734 secundi
1289 2708 1354 2734 ΒΗ
1372 2724 1404 2728 -
1426 2718 1467 2743 ¹9·
1486 2711 1584 2744 gothis
1602 2711 1647 2739 Β,·
1658 2711 1764 2744 gothos
1783 2708 1845 2735 ΒΗ)
1863 2711 2103 2745 -inplorantibus
2122 2711 2149 2735 B
2161 2725 2193 2729 —
2208 2717 2251 2737 2ο.
2269 2713 2403 2737 constan-

547 2753 612 2777 tino
625 2752 668 2780 Β,·
687 2751 905 2776 constantinum
923 2749 969 2775 B2
988 2764 998 2769 -
1019 2751 1122 2776 famme
1133 2751 1178 2780 Β,·
1191 2751 1265 2776 fame
1277 2749 1322 2775 Β3
1342 2765 1352 2770 -
1365 2753 1478 2778 extinta
1495 2753 1523 2776 B
1535 2766 1568 2770 —-
1583 2759 1626 2778 22.
1638 2753 1797 2787 probantur
1814 2753 1841 2777 B
1852 2766 1864 2772 -
1878 2753 1966 2778 servis
1980 2750 1992 2788 Ι]
2004 2755 2178 2778 armatorum
2196 2753 2223 2777 B
2235 2767 2268 2773 —
2287 2760 2330 2787 ²3·
2349 2754 2403 2778 mi-
2432 2751 2433 2754 ’

549 2796 598 2819 xta
617 2794 644 2817 B
656 2807 666 2811 -
685 2794 770 2818 etatis
782 2793 826 2820 B,-
846 2793 948 2818 aetatis
967 2793 994 2816 B
1000 2791 1012 2808 ²
1026 2807 1058 2811 —
1073 2799 1115 2825 24.
1134 2793 1257 2818 trahiam
1277 2792 1428 2825 [trachiam
1446 2794 1489 2818 Βι
1500 2793 1522 2826 b]
1543 2796 1667 2828 scyciam
1686 2795 1904 2820 machadoniam
1915 2795 1943 2818 B
1956 2809 1986 2813 —
2003 2801 2046 2828 25.
2058 2795 2231 2821 christanus
2241 2794 2273 2828 (?)
2285 2796 2312 2820 B
2318 2805 2330 2824 ,·
2348 2796 2400 2820 lm·
2437 2818 2439 2823 ,
2465 2793 2466 2796 ’

550 2838 664 2870 perator
683 2837 791 2860 creatus
811 2836 919 2868 primus
939 2836 1142 2869 imperatorum
1166 2835 1238 2860 Oros.
1259 2849 1269 2855 -
1288 2837 1372 2861 tanto
1385 2837 1429 2865 B‚·
1448 2838 1561 2862 tantum
1573 2835 1619 2861 B²
1638 2851 1649 2856 -
1667 2838 1843 2863 constitutus
1867 2837 1938 2863 Oros.
1947 2847 1958 2866 ,·
1976 2838 2218 2863 constantinusB
2236 2851 2269 2857 —-
2289 2837 2332 2863 26.
2349 2837 2401 2862 ml·
2437 2833 2438 2836 ¹

549 2879 679 2904 lessimus
691 2877 717 2901 B
736 2891 746 2896 -
765 2884 857 2902 annos
876 2878 919 2905 B:
939 2885 1032 2902 annus
1050 2877 1092 2902 B²
1112 2892 1144 2896 —
1166 2883 1208 2910 27.
1227 2878 1403 2912 lpperatores
1415 2879 1443 2903 B
1461 2892 1472 2898 -
1492 2879 1641 2904 odiernum
1659 2881 1685 2903 B
1706 2893 1738 2898 —
1759 2879 1802 2905 28.
1821 2880 1963 2905 lulianum
1981 2880 2007 2904 B
2025 2893 2036 2898 -
2055 2887 2126 2912 quae
2144 2880 2187 2909 B,-
2206 2886 2288 2912 quem
2305 2876 2370 2904 ΒΗ
2388 2892 2400 2899 -
2438 2911 2440 2914 Ι

549 2921 729 2946 constatinus
748 2920 792 2948 B:
809 2921 1012 2945 constantinus
1030 2918 1093 2944 ΒΗ)
1113 2935 1143 2938 -
1159 2926 1201 2954 29.
1221 2921 1302 2949 vicoe
1320 2921 1363 2949 Β,·
1383 2922 1474 2946 vicem
1498 2921 1569 2947 Oros.
1584 2935 1594 2940 -
1608 2922 1704 2947 aedito
1723 2922 1750 2946 Β
1755 2932 1767 2950 ,·
1785 2923 1880 2948 edicto
1904 2921 1974 2947 Oros.
1995 2935 2006 2940 -
2026 2922 2135 2947 nullam
2153 2922 2180 2946 Β
2186 2932 2197 2950 ,-
2215 2921 2305 2947 ullam
2327 2921 2398 2947 Oros.

549 2977 581 2982 —-
602 2970 644 2996 3⁰·
663 2962 876 2996 cupiosissimas
888 2962 915 2986 B
933 2976 966 2981 -—
985 2970 1028 2996 31.
1048 2962 1119 2988 solis
1138 2970 1212 2987 sunu
1223 2963 1250 2986 Β
1256 2973 1268 2991 ,·
1281 2963 1352 2988 solis
1371 2964 1437 2988 sinu
1460 2963 1532 2988 Oros.
1546 2977 1557 2983 -
1576 2965 1607 2990 in
1627 2966 1816 2989 sarmatorum
1834 2965 1980 2996 regionem
1998 2964 2103 2990 delsuit
2115 2964 2142 2988 Β
2153 2976 2165 2983 -
2178 2964 2338 2990 calocerum
2349 2963 2376 2988 B
2387 2975 2398 2982 -
2418 2965 2429 2979 ’ν

548 3006 692 3041 aspirante
711 3005 754 3034 Β,·
777 3005 950 3039 aspirantem
974 3004 1045 3030 Oros.
1065 3018 1098 3024 —-
1118 3012 1160 3039 33.
1180 3006 1263 3031 fratri
1282 3005 1309 3030 Β
1327 3019 1337 3024 -
1357 3005 1509 3032 dalmatiae
1521 3006 1548 3030 Β
