2476 3516
288 574 365 598 Mou.¹
379 576 426 599 640.
439 575 460 596 11

508 220 550 255 14
1094 221 1171 257 AN
1174 221 1250 257 ON
1252 222 1401 258 YMUS
1428 221 1764 260 VALESIANUS

2266 302 2352 310 ...u-n·-

500 350 683 394 aliquantis
706 350 834 385 divitiis
857 352 956 395 petiit
978 352 1154 385 Isauriam.
1199 352 1248 386 At
1269 352 1328 386 ubi
1351 352 1410 385 ille
1435 363 1594 397 egressus
1619 359 1681 392 est,
1704 365 1784 387 mox
1807 354 2003 394 Basiliscus,
2019 356 2077 399 qui
2103 357 2146 395 ei,
2161 362 2200 390 ut
2223 356 2353 391 dictum
2402 366 2407 368 “
2439 369 2442 374 ·

499 410 561 442 est,
578 404 814 444 insidiabatur,
830 405 975 449 arripuit
990 406 1182 448 imperium.
1220 405 1406 440 Basiliscus
1429 407 1612 450 imperavit
1627 419 1736 442 annos
1753 418 1792 441 11.
1835 409 1914 451 [42].
1931 410 2027 443 Zeno
2043 411 2245 444 confortans
2260 411 2355 445 Isau·
2402 424 2404 428 ⁷
2441 426 2444 427 ⁷

498 468 555 491 ros
577 459 667 491 intra
691 459 915 502 provinciam,
938 458 1067 492 deinde
1090 459 1182 492 misit
1204 459 1250 492 ad
1266 460 1442 493 civitatem
1458 460 1606 499 Novam,
1621 461 1680 494 ubi
1697 468 1773 495 erat
1788 462 2040 502 Theodericus,
2063 463 2134 497 dux
2152 463 2355 504 Gothorum,
2411 504 2413 506 ,

498 511 587 544 filius
611 511 845 550 Walamerici,
869 518 904 545 et
933 523 1011 544 eum
1034 512 1192 546 invitavit
1215 513 1251 545 in
1281 513 1447 546 solacium
1470 511 1534 546 sibi
1558 514 1724 548 adversus
1747 515 1962 555 Basiliscum,
1992 516 2171 551 obiectans
2193 518 2354 557 militem,'
2407 521 2411 558 J

497 570 574 607 post
597 564 772 597 biennium
789 566 941 603 veniens,
958 565 1120 598 obsidens
1137 565 1312 599 civitatem
1327 565 1671 609 Constantinopolim.
1716 568 1799 610 [43].
1815 567 1888 601 Sed
1904 569 1985 612 quia
2001 575 2139 603 senatus
2156 576 2191 603 et
2206 571 2353 613 populus
2402 563 2418 595 .‘
2441 566 2447 602 ’ῑ

498 618 673 650 Zenonem
696 624 900 657 metuentes,
924 629 967 651 ne
992 618 1076 661 quid
1100 619 1180 651 mali
1204 624 1381 661 pateretur
1397 619 1529 659 civitas,
1545 620 1669 654 relicto
1693 620 1871 660 Basilisco,
1895 632 1932 655 se
1955 622 2005 655 illi
2029 633 2148 656 omnes
2171 622 2355 663 dederunt,
2400 630 2407 633 ”

497 677 618 713 aperta
642 671 792 704 civitate.
834 671 1031 710 Basiliscus,
1056 672 1194 716 fugiens
1218 672 1263 705 ad
1287 673 1483 712 ecclesiam,
1499 674 1588 707 intra
1612 673 1849 717 baptisterium
1873 686 1951 708 cum
1966 686 2073 709 uxore
2090 682 2125 709 et
2148 676 2227 709 filiis
2242 677 2357 721 ingre-

495 723 604 757 ditur:
629 725 684 757 cui
708 724 804 757 Zeno
828 725 910 758 dato
934 731 1151 758 sacramento
1184 735 1343 759 securum
1368 737 1444 759 esse
1467 726 1512 760 de
1536 728 1716 772 sang-uine,
1740 729 1869 767 exiens,
1892 729 2066 763 inclausus
2090 740 2168 763 cum
2191 741 2298 763 uxore
2321 736 2357 765 et
2406 740 2408 742 ’
2456 732 2461 740 '

498 778 575 810 filiis
598 778 689 811 intra
712 778 896 811 cisternam
919 779 1059 817 siccam,
1082 778 1212 812 ibidem
1236 779 1368 824 frigore
1392 779 1611 814 defecerunt.

586 831 666 873 [44].
683 831 778 864 Zeno
802 831 1004 865 recordatus
1028 838 1080 865 est
1095 843 1246 865 amorem
1270 839 1408 866 senatus
1425 839 1460 866 et
1476 835 1612 877 populi3
1636 835 1816 868 munificus
1840 835 1997 869 omnibus
2020 848 2057 869 se
2074 836 2234 875 ostendit,
2256 837 2304 871 ita
2318 843 2356 871 ut
2380 836 2410 872 1'

498 895 616 917 omnes
640 885 671 917 ei
695 885 824 929 gratias
847 891 1003 929 agerent.
1048 884 1214 919 Senatum
1246 885 1443 919 Romanum
1466 893 1501 920 et
1532 888 1697 930 populum
1726 889 1831 922 tuitus
1855 895 1917 928 est,
1939 896 1977 923 ut
2004 890 2107 923 etiam
2131 890 2163 923 ei
2187 890 2356 935 imagines
2397 892 2414 917 Γ

497 949 560 981 per
583 937 721 971 diversa
744 938 822 972 loca
845 939 882 971 in
904 938 990 972 urbe
1016 938 1130 972 Roma
1153 939 1362 973 levarentur.
1408 939 1514 974 Cuius
1537 947 1694 984 tempora
1717 942 1865 985 pacifica
1889 943 2039 976 fuerunt.

587 1063 616 1099 7.
641 1082 682 1086 —
708 1064 789 1105 [45].
813 1063 976 1097 Odoacar
999 1074 1093 1102 vero,
1117 1064 1214 1097 cuius
1245 1075 1349 1107 supra
1380 1065 1526 1098 fecimus
1550 1066 1769 1105 mentionem,
1792 1077 1871 1100 mox
1901 1067 2059 1111 deposito
2089 1067 2283 1112 Augustulo
2308 1067 2354 1102 de
2410 1071 2412 1114 ᾗ
2457 1074 2458 1077 ’

496 1116 651 1159 imperio,
676 1116 789 1149 factus
813 1123 865 1150 est
887 1127 949 1149 rex
972 1117 1165 1160 mansitque
1190 1117 1226 1149 in
1248 1128 1357 1162 regno
1380 1129 1490 1151 annos
1505 1128 1584 1157 XI11,
1608 1120 1705 1152 cuius
1728 1126 1827 1163 pater
1849 1120 1961 1154 Edico
1978 1121 2091 1154 dictus
2107 1121 2201 1165 [est]:
2223 1120 2270 1155 de
2285 1131 2355 1165 quo

494 1171 543 1203 ita
565 1170 738 1204 invenitur
760 1170 797 1204 in
819 1169 916 1203 libris
939 1171 1031 1204 vitae
1056 1170 1149 1204 beati
1182 1170 1342 1205 Severini
1366 1172 1528 1205 monachi
1560 1173 1651 1206 intra
1673 1172 1899 1213 Pannoniam,
1929 1175 1989 1218 qui
2012 1186 2090 1208 eum
2113 1174 2291 1209 admonuit
2320 1180 2356 1209 et
2379 1174 2399 1208 1’

496 1223 669 1267 praedixit
691 1234 836 1268 regnum
860 1224 934 1257 eius
957 1224 1120 1258 futurum.

584 1340 615 1372 8.
639 1358 681 1363 -
705 1338 786 1382 [46].
809 1339 862 1373 Ita
884 1340 1043 1383 repperis
1065 1339 1111 1373 ad
1127 1340 1258 1374 locum:
1276 1339 1428 1380 Quidam
1444 1341 1594 1380 barbari,
1610 1353 1688 1375 cum
1711 1342 1757 1376 ad
1780 1342 1914 1376 Italiam
1936 1349 2134 1387 pergerent,
2156 1350 2355 1386 promeren-

496 1394 563 1426 dae
579 1393 833 1427 benedictionis
847 1392 894 1427 ad
910 1404 988 1426 eum
1004 1394 1127 1427 intuitu
1143 1393 1377 1433 deverterunt,
1393 1396 1483 1428 inter
1498 1406 1584 1439 quos
1601 1402 1635 1429 et
1650 1395 1823 1435 Odoacar,
1839 1397 1898 1440 qui
1913 1403 2034 1439 postea
2049 1397 2208 1441 regnavit
2221 1396 2354 1436 Italiae,

495 1447 659 1480 vilissimo
682 1447 802 1480 habitu
825 1447 959 1480 iuvenis
982 1453 1113 1481 statura
1135 1458 1302 1491 procerus
1324 1448 1532 1483 advenerat:
1556 1450 1615 1493 qui
1632 1449 1714 1483 dum
1738 1450 1800 1492 [se‚
1823 1451 1880 1493 ne]
1905 1450 2114 1483 humillimae
2137 1456 2267 1484 tectum
2282 1451 2354 1484 oel-
2411 1493 2415 1497 .

495 1501 587 1534 lulae
611 1501 685 1533 eius
700 1511 761 1534 suo
778 1501 908 1534 vertice
925 1501 1154 1546 contingeret,
1168 1502 1379 1541 inclinasset,
1393 1513 1415 1535 a
1431 1503 1505 1536 viro
1521 1503 1578 1536 dei
1594 1503 1781 1546 gloriosum
1796 1515 1834 1537 se
1851 1504 1927 1537 fore
1951 1504 2123 1548 cognovit.
2161 1502 2226 1537 Cui
2241 1503 2353 1538 'etiam
2388 1512 2409 1532 ιι
2419 1521 2426 1536 2

498 1554 576 1587 vale
599 1554 749 1588 dicenti:
779 1556 793 1572 ‘⁴
806 1554 920 1594 Vade,
943 1555 1064 1598 inquit,
1088 1554 1134 1588 ad
1163 1555 1309 1594 Italiam,
1333 1555 1423 1589 vade
1447 1557 1619 1590 vilissimis
1642 1567 1734 1590 nunc
1757 1557 1906 1600 pellibus
1929 1563 2123 1600 coopertus,
2145 1556 2209 1590 sed
2238 1556 2354 1591 multis

501 1609 516 1625 ‘⁴
528 1607 598 1640 cito
613 1607 761 1650 plurima
776 1607 961 1652 largiturus
973 1630 1006 1648 „.
1040 1608 1121 1650 [47].
1137 1607 1278 1642 Interim
1293 1615 1331 1642 ut
1346 1608 1411 1642 Dei
1428 1609 1577 1642 famulus
1593 1610 1625 1642 ei
1641 1609 1851 1652 predixerat,
1866 1621 1945 1643 mox
1960 1610 1997 1642 in
2019 1609 2152 1643 Italiam
2168 1610 2354 1654 ingressus,

497 1671 642 1705 regnum
665 1661 814 1703 accepit.
858 1660 993 1694 Eodem
1015 1667 1172 1704 tempore
1195 1661 1358 1695 Odoacar
1381 1673 1453 1701 rex,
1476 1654 1607 1696 memor
1623 1663 1736 1696 factus
1751 1663 1845 1707 quod
1867 1674 1889 1696 a
1912 1664 1986 1696 viro
2002 1669 2121 1697 sancto
2137 1662 2352 1706 praedictum

497 1714 666 1752 audierat,
689 1715 803 1747 statim
827 1714 1043 1748 familiariter
1066 1715 1198 1749 litteras
1221 1716 1267 1749 ad
1291 1726 1369 1749 eum
1392 1715 1558 1761 dirigens,
1581 1717 1609 1749 si
1633 1727 1702 1760 qua
1725 1717 1899 1759 speranda
1921 1717 2076 1755 duceret,
2099 1716 2206 1750 dabat
2222 1717 2353 1761 suppli·
2417 1711 2420 1713 ’

500 1768 587 1802 citer
610 1768 797 1810 optionem.
842 1768 938 1812 Ergo
962 1768 1014 1801 vir
1036 1768 1106 1807 dei,
1128 1769 1232 1802 tantis
1256 1769 1329 1803 eius
1344 1769 1516 1813 adloquiis
1531 1781 1596 1813 per
1611 1770 1742 1803 litteras
1757 1770 1929 1809 invitatus,
1945 1769 2164 1804 Ambrosium
2178 1770 2352 1814 quendam

499 1822 694 1855 exulantem
717 1827 817 1866 rogat
839 1821 990 1855 absolvi:
1014 1823 1070 1855 cui
1094 1821 1257 1856 Odoacar
1278 1822 1553 1868 gratulabundus
1574 1824 1689 1867 paruit
1711 1824 1906 1867 imperanti.

588 1938 618 1971 9.
642 1957 684 1962 —
709 1938 790 1981 [48].
812 1937 921 1983 Igitur
944 1937 1107 1972 Odoacar
1137 1949 1199 1972 rex
1229 1939 1336 1984 gessit
1360 1938 1488 1974 bellum
1518 1938 1685 1974 adversus
1707 1939 1840 1985 Rugos,
1867 1950 1954 1984 quos
1976 1940 2012 1974 in
2035 1939 2189 1974 secundo
2211 1940 2295 1975 vicit
2317 1946 2352 1975 et

498 1991 653 2025 funditus
676 1991 817 2025 delevit.

589 2108 639 2140 10.
663 2126 704 2131 —
728 2107 820 2140 Nam
842 2106 924 2140 dum
947 2108 1022 2151 ipse
1046 2114 1137 2142 esset
1160 2107 1272 2142 bonae
1296 2109 1480 2143 voluntatis
1504 2114 1538 2142 et
1553 2108 1723 2142 Arrianae
1747 2115 1863 2143 sectae
1880 2110 2036 2143 favorem
2058 2109 2254 2153 praeberet,
2268 2120 2353 2154 quo-

497 2161 577 2195 dam
599 2167 755 2204 tempore
777 2160 860 2194 dum
883 2167 1107 2196 memoratum
1129 2172 1249 2207 regem
1272 2161 1368 2195 multi
1391 2161 1526 2196 nobiles
1549 2172 1666 2196 coram
1688 2169 1809 2196 sancto
1832 2163 1906 2196 viro
1929 2163 2088 2202 humana,
2103 2169 2141 2197 ut
2162 2163 2237 2197 fieri
2253 2163 2351 2202 solet,
2374 2162 2432 2198 ³0„

587 2340 611 2359 1.
628 2333 757 2359 hisauria
775 2332 802 2358 B
819 2346 829 2352 -
848 2340 877 2358 es
896 2332 977 2366 mox]
996 2340 1064 2358 mox
1084 2335 1127 2359 est
1145 2334 1172 2358 B
1190 2346 1223 2354 --
1243 2340 1268 2359 2.
1286 2334 1446 2368 lmperioB
1462 2347 1475 2354 -
1492 2333 1628 2360 basilicus
1645 2335 1672 2359 B
1691 2347 1724 2354 -
1743 2341 1799 2368 ²·3·
1817 2335 1948 2360 hisauros
1966 2333 2044 2359 B'—
2063 2342 2089 2368 3.
2107 2333 2297 2369 provintiaB
2315 2347 2347 2354 —

498 2387 523 2412 4.
536 2378 683 2404 oblectans
694 2379 722 2403 B
734 2390 768 2397 —
781 2377 806 2403 6.
820 2377 894 2403 male
910 2378 937 2402 B
955 2391 966 2396 -
983 2378 1120 2403 basilisco
1133 2379 1176 2407 Β,-
1197 2378 1332 2404 basilisso
1348 2377 1391 2404 Βι
1400 2377 1412 2394 b
1424 2392 1458 2398 —
1470 2387 1496 2412 9.
1509 2379 1633 2404 elsterna
1651 2379 1727 2405 sicca
1743 2380 1770 2404 B
1788 2392 1799 2398 -
1818 2378 1982 2404 de¹¹'*erunt
1993 2379 2038 2408 B,-
2056 2378 2221 2404 defecerunt
2233 2375 2297 2403 ΒΗ
2315 2391 2350 2398 -

500 2430 541 2450 ιο.
553 2430 650 2448 amore
661 2423 688 2447 B
700 2436 733 2441 -
748 2430 788 2448 11.
803 2424 889 2456 agent
906 2422 933 2446 B
950 2435 962 2441 -
981 2424 1097 2448 senator
1116 2430 1221 2448 omano
1235 2424 1261 2448 B
1267 2433 1278 2452 ,-
1297 2425 1397 2450 senato
1417 2431 1536 2449 romano
1548 2421 1593 2448 8³
1613 2437 1623 2442 -
1642 2425 1671 2449 et
1690 2424 1799 2457 populo
1812 2424 1838 2448 B
1850 2437 1883 2443 —
1899 2431 1940 2457 13.
1953 2422 2082 2449 Odoa⁸*r
2094 2423 2137 2452 Β,-
2155 2423 2277 2449 oduaoer
2288 2420 2349 2454 8¹3

498 2468 643 2495 oduachar
655 2467 684 2493 P
698 2481 710 2486 -
728 2467 862 2500 deposuit
875 2467 918 2496 B,-
932 2467 1065 2500 deposito
1076 2466 1121 2491 B²
1134 2481 1168 2487 —
1185 2475 1226 2500 ¹4·
1243 2475 1298 2500 que
1316 2466 1358 2494 Pl
1371 2481 1383 2488 -
1397 2476 1514 2502 regnum
1527 2468 1589 2493 BP
1598 2482 1609 2487 -
1622 2468 1722 2493 aedico
1735 2469 1796 2494 BP
1805 2481 1817 2487 -
1830 2470 1873 2494 est
1891 2475 1963 2501 cong.
1972 2478 1983 2497 ‚-
1995 2476 2045 2494 om.
2057 2468 2085 2493 B
2094 2469 2122 2493 P
2132 2481 2166 2487 —
2180 2472 2221 2501 15.
2233 2467 2294 2493 vite
2305 2466 2350 2496 B,-
2423 2484 2425 2486 -

498 2513 576 2538 vitae
588 2510 632 2536 32
645 2525 657 2531 -
670 2512 819 2546 pannonia
831 2512 858 2536 B
870 2525 902 2530 -
919 2511 959 2537 16.
973 2512 1101 2545 predixit
1113 2512 1139 2536 B
1147 2522 1158 2541 ,·
1176 2513 1321 2546 praedixit
1334 2510 1378 2537 B*
1392 2527 1425 2531 —
1442 2511 1529 2545 17-18.
1542 2513 1726 2546 promerende
1739 2513 1783 2542 B,-
1802 2513 2003 2547 promerendae
2014 2511 2074 2544 8²3
2094 2510 2312 2546 proromerondo
2323 2511 2353 2537 P
2397 2515 2427 2544 ς’·

501 2571 531 2575 -
554 2556 595 2582 18.
613 2557 752 2582 intultum
770 2557 796 2581 B
821 2570 832 2575 -
857 2556 915 2581 odu
931 2555 936 2589 Ι
952 2563 999 2581 car
1016 2556 1060 2585 B.-
1086 2555 1145 2581 odu
1160 2556 1165 2589 Ι
1181 2563 1198 2581 a
1214 2556 1218 2588 Ι
1234 2564 1282 2582 car
1300 2555 1361 2589 B‘g
1384 2557 1528 2583 odoachar
1546 2558 1589 2585 P.-
1614 2557 1758 2583 odovacar
1781 2557 1851 2590 Eug.
1867 2560 1945 2590 post:
1970 2557 2095 2583 odoacar
2117 2557 2188 2590 Eue.
2210 2556 2296 2590 pior.
2315 2567 2349 2575 -

503 2609 543 2634 19.
562 2609 591 2627 se
610 2608 645 2627 ne
662 2601 754 2635 Eraga
771 2609 820 2627 om.
839 2602 902 2627 BP
918 2615 929 2620 -
948 2601 1113 2627 humillimo
1126 2603 1201 2627 tecta
1214 2602 1258 2631 B,-
1276 2603 1350 2628 tecte
1368 2600 1428 2633 3³3
1446 2602 1639 2628 humillimum
1653 2604 1760 2628 tectum
1778 2603 1808 2628 P
1822 2616 1855 2621 —
1876 2609 1917 2628 20.
1936 2602 1997 2628 eIus
2017 2602 2095 2631 BP.-
2112 2610 2162 2628 out.
2179 2600 2250 2635 Bag.
2269 2613 2280 2620 -
2298 2606 2350 2627 sua

498 2646 576 2675 BP.-
596 2653 647 2671 suo
665 2645 736 2680 Eut.
748 2643 846 2671 8³1³*
864 2659 876 2665 -
889 2646 996 2672 vertIce
1007 2646 1083 2675 BP,-
1102 2646 1226 2675 verticae
1238 2644 1283 2670 32
1296 2659 1308 2666 -
1320 2648 1349 2672 et
1360 2647 1404 2675 P,-
1417 2655 1465 2672 om.
1479 2647 1517 2676 Β,
1527 2646 1595 2681 Bag.
1609 2660 1619 2666 -
1639 2653 1668 2672 se
1687 2647 1761 2672 forte
1773 2647 1818 2675 B‚·
1830 2654 1890 2672 esse
1907 2646 1982 2673 sorte
1994 2645 2106 2678 B’P23
2124 2653 2183 2671 esse
2202 2643 2349 2681 βιαιο),-

498 2698 527 2716 se
547 2690 609 2716 fore
625 2690 694 2723 Eug.
710 2704 743 2708 —
758 2696 800 2716 21.
813 2689 889 2723 vale]
909 2690 981 2716 vade
999 2690 1026 2714 B
1032 2700 1044 2718 ‚-
1061 2690 1125 2715 vale
1143 2690 1258 2724 P,Eug.
1277 2704 1290 2710 -
1309 2691 1411 2723 inquid
1423 2692 1451 2715 B
1456 2701 1468 2720 ,·
1487 2691 1584 2724 inquit
1595 2689 1676 2716 3²1²
1688 2705 1717 2710 -
1733 2698 1775 2717 22.
1794 2691 1916 2726 plurIme
1928 2692 1954 2716 Β
1960 2701 1972 2720 ,·
1990 2691 2115 2725 plurima
2126 2688 2171 2715 8¹
2189 2703 2200 2709 -
2218 2687 2349 2721 interim]

498 2735 588 2768 igitur
606 2735 635 2760 P
651 2748 661 2753 -
680 2735 764 2760 italla
782 2735 809 2759 B
827 2748 837 2754 -
856 2736 998 2768 ingressus
1013 2736 1056 2764 P,·
1075 2736 1218 2769 ingressus
1237 2737 1279 2761 est
1292 2736 1326 2766 B,
1338 2735 1410 2769 Eug.
1426 2749 1459 2754 —
1480 2742 1571 2769 23-24.
1588 2735 1696 2762 Eodem
1714 2737 1902 2770 tempore....
1921 2734 2045 2768 litteras]
2065 2735 2155 2761 isdem
2173 2733 2350 2768 temporibus
2381 2737 2414 2759 xo
2431 2749 2433 2751 ·
2459 2743 2462 2746 ·

499 2779 644 2805 odovacar
670 2786 720 2805 rex
738 2781 838 2805 saneto
857 2779 994 2805 Severino
1022 2780 1178 2806 familiares
1197 2780 1308 2805 litteras
1325 2779 1394 2813 Eug.
1421 2793 1455 2799 --
1482 2787 1524 2813 ²3·
1542 2780 1669 2806 odochar
1686 2780 1729 2810 B,-
1749 2781 1892 2806 odoachar
1903 2781 1932 2806 P
1948 2794 1981 2799 —
2001 2786 2043 2813 ²4·
2062 2780 2219 2806 familiam
2230 2779 2259 2805 B
2276 2790 2287 2796 -
2305 2777 2349 2803 ‹u-

499 2824 591 2858 ligens
609 2824 652 2853 B,-
677 2823 810 2857 diligens
828 2822 891 2848 ΒΗ)
910 2838 920 2843 -
939 2831 1010 2857 quae
1028 2823 1100 2857 Eug.
1116 2825 1201 2857 prior.
1222 2839 1255 2843 —
1274 2830 1317 2858 25.
1330 2825 1491 2859 opitIonem
1509 2826 1552 2854 P,-
1571 2826 1720 2859 optionem
1733 2824 1792 2856 P¹3
1810 2832 1888 2857 seg-ue
1899 2826 1930 2850 in
1946 2824 2036 2858 Eug.:
2056 2831 2164 2849 memor
2176 2823 2258 2849 nllus
2270 2827 2354 2856 pau-

500 2869 583 2903 sagil,
596 2876 653 2902 quo
665 2876 729 2894 eum
742 2869 885 2902 quondam
898 2871 1074 2903 expresserat
1087 2870 1268 2903 regnaturum
1283 2882 1293 2888 -
1306 2869 1382 2902 Ergo
1390 2885 1398 2895 .
1406 2886 1414 2895 .
1422 2886 1430 2895 .
1438 2886 1446 2895 .
1459 2869 1614 2903 invitatus]
1628 2870 1718 2895 tantls
1737 2870 1832 2903 ltaque
1845 2871 1959 2895 sanctus
1976 2870 2038 2894 eius
2050 2868 2188 2902 alloquiis
2207 2867 2349 2894 invitatus

499 2913 568 2947 Eug.
587 2926 597 2932 -
610 2913 700 2939 tantIs
719 2913 817 2945 itaque
829 2914 873 2942 B,-
892 2914 987 2946 ltaque
1005 2921 1053 2939 ont.
1069 2914 1096 2938 P
1111 2927 1122 2932 -
1142 2913 1285 2939 invitatur
1297 2913 1324 2937 B
1336 2923 1369 2932 ι-
1384 2913 1427 2940 26.
1439 2914 1521 2939 cuius
1534 2914 1660 2939 odoehar
1678 2914 1905 2947 gratulabundus
1918 2914 2001 2948 parui
2020 2914 2127 2947 (pn-uit
2139 2911 2195 2946 8¹)
2214 2909 2347 2945 Imperat!
2448 2948 2450 2950 q
2468 2945 2470 2952 ὃ

501 2957 666 2991 (imperanti
685 2955 741 2989 3²)
759 2957 786 2980 B
804 2970 838 2975 -
858 2963 900 2990 27.
919 2958 1045 2983 odochar
1063 2958 1106 2987 B,-
1125 2957 1269 2983 odoachar
1281 2959 1309 2983 P
1323 2971 1356 2976 —
1376 2957 1419 2983 28.
1438 2958 1529 2983 delvlt
1541 2958 1584 2987 B:
1604 2958 1710 2984 delevit
1729 2956 1791 2983 ΒΗ)
1810 2972 1843 2977 —-
1863 2965 1906 2992 ²9·
1918 2959 1988 2984 bene
2005 2959 2049 2987 B,-
2068 2958 2143 2984 bone
2160 2953 2239 2987 8¹⁶3
2256 2955 2349 2980 bouso
2380 2957 2411 2985 ις
2433 2967 2437 2997 2

501 3000 546 3026 13¹
564 3014 576 3020 -
595 3002 708 3028 arrlane
726 3004 800 3027 secte
818 3001 861 3031 B,-
880 3003 1011 3028 arrianae
1029 3004 1120 3029 sectae
1137 3000 1183 3027 Β2
1202 3015 1213 3021 -
1233 3003 1333 3028 favore
1351 3002 1378 3027 B
1395 3016 1429 3022 ·-
1449 3009 1491 3036 30.
1515 3005 1672 3028 memorato
1691 3010 1756 3036 rege
1773 3003 1800 3027 B
1816 3015 1829 3022 -
1848 3003 1956 3029 nobilis
1974 3003 2000 3027 B
2429 2996 2471 3011 ⁷⁷''
