2476 3516
526 221 638 256 LXX
1082 220 1238 256 STUDI
1266 219 1455 256 CRITICI
1484 218 1836 256 PRELIMINARI

529 296 2318 303 ----------------------------------------------------------------------------------------------------------------------------------------------------------------------------------------------------------------------------
2320 298 2371 305 ...-
2399 293 2408 311 ·'‚

610 355 679 391 Ma
707 366 783 390 non
811 355 914 391 basta
941 354 976 389 la
1006 354 1318 401 corrispondenza
1348 352 1408 389 dei
1437 353 1508 389 due
1536 353 1632 389 testi.

608 421 648 457 In
676 426 771 458 tutta
798 421 833 456 la
861 421 1075 456 narrazione
1103 419 1425 455 dell'Anonimo
1453 420 1491 455 vi
1520 420 1540 454 ὲ
1568 431 1640 455 una
1669 418 1975 456 contraddizione
1992 420 2133 456 interna
2152 420 2189 456 di
2217 415 2374 469 termini,
2463 410 2465 412 v

525 488 593 524 che
622 500 697 523 non
724 489 799 535 puo
826 487 1014 522 risolversi
1042 498 1080 522 se
1107 498 1182 521 non
1210 485 1463 522 ammettendo
1501 486 1535 521 la
1572 485 1747 534 duplicita
1783 485 1882 522 della
1917 486 2031 524 fonte.
2087 486 2376 524 L'Anonimo

522 553 604 590 dice
634 554 702 590 che
730 553 831 600 dopo
851 553 887 589 la
905 557 1037 600 guerra
1063 553 1201 599 gotica,
1222 565 1243 588 e
1272 551 1446 588 conclusa
1464 551 1500 587 la
1518 564 1612 600 pace
1633 553 1692 588 coi
1713 552 1816 598 Goti,
1836 553 2059 589 Costantino
2077 553 2213 589 n’volse
2231 552 2266 589 le
2285 554 2377 590 armi
2406 555 2421 601 >j

523 626 653 656 contro
681 621 693 655 i
721 619 877 656 Sarmati
904 631 971 666 per
998 619 1032 654 la
1059 619 1141 655 loro
1170 618 1310 654 dubbia
1337 619 1433 664 fede,
1463 631 1484 654 e
1513 619 1686 655 continua
1714 619 1774 655 col
1802 630 1913 666 passo
1940 631 2050 666 sopra
2078 619 2202 655 citato.
2457 663 2461 668 Σ

616 688 736 722 Come
763 686 793 721 si
821 685 1014 732 ricolleghi
1043 696 1114 720 con
1142 685 1177 720 la
1204 684 1427 732 precedente
1455 686 1591 721 notizia
1618 685 1717 721 della
1735 685 1932 722 ribellione
1953 685 2013 721 dei
2041 687 2138 723 servi
2157 686 2317 724 Sarmati
2343 688 2380 725 ai
2404 691 2414 736 j
2456 684 2458 720 Ῑ

521 754 604 790 loro
629 753 796 800 padroni,
818 752 900 798 che,
920 752 1087 796 cacciati‚
1117 753 1250 787 furono
1280 751 1414 788 accolfi
1443 752 1490 788 da
1519 752 1740 788 Costantino
1767 751 1864 789 nelle
1891 752 2036 800 regioni
2062 764 2229 800 romane,
2247 754 2286 789 io
2303 765 2378 791 non

521 821 668 868 capisco
697 831 718 854 0
749 824 853 855 tanto
881 830 993 853 meno
1020 819 1050 853 si
1078 819 1205 865 spiega
1233 817 1494 854 l’avversativa
1523 819 1598 864 sed,
1627 831 1694 866 per
1725 830 1853 856 mezzo
1886 818 1982 855 della
2014 820 2120 869 quale
2148 819 2218 856 alla
2250 830 2383 868 preces
2464 849 2466 851 .

522 887 632 922 dente
660 886 798 921 notizia
826 886 854 920 si
885 884 1078 920 dovrebbe
1107 890 1380 932 contrapporne
1408 885 1565 921 un’altra
1597 885 1666 921 che
1694 886 1733 920 in
1768 885 1923 934 qualche
1950 886 2066 921 modo
2098 886 2134 922 la
2161 886 2307 931 annulli,
2326 886 2414 924 od*
2463 894 2467 898 “

520 952 774 1000 integrandola
802 952 837 987 la
866 952 1100 988 circoscriva.
1157 951 1227 987 Cio
1255 963 1331 987 non
1358 952 1396 987 e:
1427 952 1456 987 si
1484 962 1589 999 passa
1618 952 1748 988 invece
1767 952 1815 988 ad
1843 965 1891 988 un
1919 951 2046 988 ordine
2076 953 2113 989 di
2139 953 2225 990 idee
2253 953 2379 991 affatto

524 1032 666 1065 nuovo,
697 1019 763 1055 che
791 1024 846 1055 sta
873 1029 895 1053 a
922 1019 974 1063 se,
1002 1030 1068 1066 per
1097 1018 1155 1053 cui
1184 1018 1210 1053 il
1237 1019 1308 1054 sed
1338 1031 1413 1055 non
1449 1020 1470 1054 ὲ
1497 1019 1560 1067 piu
1589 1030 1611 1054 a
1637 1031 1706 1055 suo
1734 1024 1856 1066 posto.
1912 1020 1946 1055 E
1972 1020 2138 1065 Zosimo,
2172 1032 2213 1056 se
2239 1021 2314 1068 pub
2340 1013 2414 1068 in*¹>

522 1087 676 1135 qualche
705 1084 821 1122 modo
848 1085 1081 1131 illuminarei‚
1111 1085 1212 1122 dello
1240 1090 1356 1122 stesso
1385 1086 1478 1122 fatto
1505 1086 1597 1121 offic
1625 1097 1696 1121 una
1723 1085 1894 1122 versione
1923 1085 2068 1122 diversa
2095 1086 2143 1123 da
2169 1086 2290 1135 quella
2318 1098 2380 1124 ac-
2409 1104 2420 1137 ζ,

527 1153 625 1190 colta
654 1153 714 1189 dai
735 1152 943 1199 cronografi
963 1164 983 1187 e
1013 1151 1346 1188 dall’Anonimo.
2411 1197 2414 1198 ⁷

610 1220 673 1256 Sui
701 1218 846 1267 periodi
876 1219 1052 1266 seguenti,
1083 1219 1141 1254 cui
1169 1231 1275 1255 serve
1305 1218 1342 1254 di
1371 1219 1506 1257 debole
1543 1219 1688 1267 legame
1718 1220 1779 1255 col
1806 1225 1983 1256 racconto
2020 1220 2192 1267 generale
2219 1220 2382 1258 soltanto
2406 1219 2420 1267 s

520 1287 649 1333 l'item,
678 1288 766 1334 ogni
793 1286 968 1322 ulteriore
997 1285 1222 1323 discussione
1242 1288 1262 1321 e
1291 1288 1434 1323 oziosa:
1455 1298 1522 1322 son
1550 1286 1621 1322 due
1649 1287 1742 1334 parti
1762 1285 1822 1323 del
1840 1292 2020 1323 racconto
2039 1287 2213 1323 orosiano
2231 1287 2383 1336 copiate
2403 1327 2422 1336 ,-

523 1355 596 1390 alla
615 1354 761 1399 lettera,
791 1353 936 1389 accolte
965 1351 1288 1389 dall'Anonimo
1315 1365 1381 1400 per
1399 1353 1576 1390 illustrare
1596 1352 1621 1388 il
1649 1358 1945 1401 temperamento
1963 1353 2139 1400 religioso
2167 1352 2381 1402 dell'impe-
2417 1382 2420 1384 .

524 1426 666 1456 ratore:
697 1432 718 1455 e
746 1425 877 1455 stanno
904 1419 999 1455 bene
1028 1420 1142 1455 anche
1170 1432 1237 1467 per
1255 1425 1386 1467 questo
1404 1420 1572 1467 rispetto.
1628 1420 1744 1467 Dopo
1772 1424 1911 1468 quanto
1938 1420 1987 1455 ho
2016 1426 2210 1456 osservato
2237 1431 2303 1467 per
2328 1419 2382 1467 gli
2423 1428 2425 1443 ³
2466 1444 2471 1453 .

521 1488 605 1524 altri
631 1487 728 1534 passi
755 1487 928 1532 orosiani,
948 1499 1022 1522 non
1041 1487 1079 1522 vi
1098 1487 1119 1522 ὲ
1140 1487 1204 1533 piu
1221 1488 1375 1534 ragione
1395 1486 1433 1522 di
1453 1486 1635 1523 discutere
1664 1499 1703 1523 su
1732 1488 1862 1534 questi.
1909 1486 1984 1527 Qui
2010 1487 2076 1534 poi
2100 1498 2235 1523 manca
2262 1486 2381 1523 anche
2423 1504 2425 1506 ·

524 1555 772 1602 l’argomento
801 1553 898 1590 della
924 1554 1141 1590 corruzione
1169 1553 1230 1589 del
1256 1559 1354 1590 testo
1390 1567 1457 1602 per
1484 1554 1629 1590 indurci
1665 1553 1712 1590 ad
1739 1559 1957 1590 ammettere
1993 1566 2064 1590 una
2091 1553 2380 1602 interpolazione

522 1621 586 1669 piu
613 1620 770 1657 tardiva.
826 1619 888 1656 Ne
925 1620 1028 1656 basta
1054 1621 1092 1656 in
1129 1621 1314 1656 contrario
1342 1619 1367 1655 l’
1377 1621 1482 1656 item:
1519 1625 1647 1668 questa
1672 1621 1876 1669 particella,
1907 1633 2015 1657 come
2051 1620 2076 1657 il
2107 1620 2246 1667 deinde,
2273 1633 2380 1659 serve
2416 1636 2427 1663 1
2468 1608 2471 1621 ’

525 1686 795 1723 mirabilmente
823 1687 1120 1723 all’Anonimo
1148 1699 1215 1734 per
1244 1699 1443 1736 comporre
1471 1686 1497 1722 il
1525 1699 1593 1724 suo
1621 1687 1800 1724 mosaico.
1856 1687 1935 1723 Che
1971 1687 2182 1724 resterebbe
2213 1687 2275 1724 del
2300 1699 2382 1726 rac·-

527 1763 654 1799 conto,
683 1765 723 1790 se
752 1753 986 1801 togliessirno
1014 1753 1098 1789 tutti
1126 1755 1246 1802 questi
1275 1754 1393 1801 passi?

612 1809 645 1856 E
672 1833 764 1858 vero
793 1821 861 1857 che
889 1819 923 1855 le
950 1820 1088 1856 notizie
1117 1821 1155 1857 di
1183 1821 1323 1856 orosio
1350 1832 1428 1856 non
1456 1833 1549 1857 sono
1577 1821 1762 1868 originali,
1791 1833 1852 1857 ma
1881 1821 2057 1858 dex-ivano
2076 1822 2123 1859 da
2140 1821 2223 1859 altu·
2241 1822 2380 1868 autori,
2419 1815 2424 1841 -5
2468 1813 2471 1826 ¹

526 1892 660 1937 questo
687 1899 709 1922 a
737 1887 798 1923 noi
817 1898 894 1922 non
913 1888 1109 1932 interessa3
1126 1888 1240 1933 basta,
1260 1900 1327 1936 per
1354 1893 1492 1936 quanto
1519 1887 1691 1936 riguarda
1718 1888 1994 1934 l’Anonimo,
2015 1893 2224 1926 constatare
2247 1888 2379 1967 ch'egii

527 1955 574 1991 ha
602 1955 754 2002 copiato
782 1952 998 1990 dall’autore
1029 1954 1212 1990 cristiano.

614 2010 648 2057 E
673 2033 742 2068 pur
768 2032 862 2057 vero
890 2020 972 2066 che,
992 2020 1052 2056 nel
1079 2021 1298 2058 trascrivere
1325 2021 1351 2056 il
1379 2021 1547 2058 secondo
1573 2033 1680 2070 passo
1709 2021 1758 2058 da
1785 2022 1934 2067 Orosi0,
1965 2021 2221 2058 l’Anonimo
2248 2034 2324 2058 non
2349 2022 2380 2059 si
2422 2028 2433 2053 5

526 2090 546 2123 ὲ
575 2093 727 2125 300οτῒο
755 2086 794 2123 di
820 2088 982 2135 ripetere
1009 2099 1145 2123 ancora
1172 2087 1207 2123 la
1235 2089 1374 2124 notizia
1403 2087 1501 2124 della
1537 2100 1670 2135 guerra
1705 2089 1830 2136 gotica
1859 2100 1879 2124 e
1906 2090 2118 2125 sarmatica:
2147 2089 2264 2126 anche
2290 2100 2380 2139 que·
2429 2120 2431 2123 .
2468 2095 2471 2106 ¹

527 2161 585 2191 sto
611 2166 688 2190 non
716 2152 813 2191 deve
842 2153 1110 2202 sorprenderci,
1138 2155 1274 2203 perche
1301 2155 1562 2192 l’Anonimo
1590 2155 1611 2190 ὲ
1643 2167 1766 2202 spesse
1794 2155 1904 2208 volte!
1935 2155 2103 2191 recidivo
2137 2158 2176 2191 in
2209 2156 2379 2202 materia,
2424 2142 2426 2164 ³

527 2233 559 2268 e,
574 2233 656 2268 >per
683 2232 784 2267 caso,
812 2221 965 2269 proprio
992 2221 1087 2257 sullo
1115 2226 1229 2258 stesso
1265 2226 1497 2269 argomento.
1553 2221 1592 2257 Si
1629 2221 1810 2269 potrebbe
1845 2233 2024 2269 supporre
2061 2222 2128 2258 che
2165 2234 2241 2258 non
2277 2234 2380 2259 com·
2423 2208 2427 2247 Ῐ

526 2287 723 2335 prendesse
751 2292 887 2335 quanto
914 2289 1082 2324 scriveva
1110 2300 1130 2324 e
1160 2288 1327 2335 copiava,
1357 2300 1378 2324 e
1406 2290 1503 2324 forse
1531 2288 1714 2336 potrebbe
1743 2289 1858 2324 anche
1887 2300 1985 2324 esser
2011 2297 2123 2333 ver03
2151 2295 2280 2338 questo
2306 2301 2381 2326 non
2414 2313 2422 2331 z
2469 2283 2471 2287 ¹

528 2355 562 2390 ci
579 2355 750 2402 riguarda
767 2366 835 2403 per
852 2366 935 2391 ora:
964 2354 1040 2391 dati
1067 2356 1158 2401 pero
1185 2355 1197 2390 i
1224 2354 1453 2403 precedenti,
1483 2354 1506 2389 1’
1516 2360 1716 2391 accennata
1741 2355 1958 2402 ripetizione
1986 2367 2062 2390 non
2080 2356 2101 2390 e
2129 2355 2254 2392 valido
2272 2367 2381 2403 argo-
2469 2387 2473 2413 1

526 2427 654 2458 mento
683 2433 749 2468 per
777 2421 981 2457 dichiarare
1008 2421 1219 2468 interpolati
1238 2423 1250 2456 i
1269 2421 1342 2457 due
1361 2422 1467 2470 passi.
1521 2423 1594 2457 Per
1613 2427 1726 2457 conto
1744 2423 1822 2457 mio
1841 2434 1908 2458 son
1935 2422 2174 2459 fermamente
2203 2422 2379 2458 convinto
2425 2416 2429 2435 ³
2469 2465 2473 2475 ι

527 2487 564 2524 di
593 2487 738 2525 doverli
776 2492 964 2524 accettare
1000 2489 1161 2524 siccome
1198 2488 1485 2526 assolutamente
1522 2489 1704 2524 necessari
1740 2487 2063 2535 all'integrazione
2091 2488 2151 2526 del
2186 2495 2378 2534 racconto,
2427 2487 2439 2533 s
2470 2499 2473 2510 1

527 2555 662 2602 perche
691 2566 764 2590 con
791 2560 923 2603 questo
949 2555 1238 2602 perfettamente
1277 2554 1519 2591 concordanti
1547 2554 1595 2591 ed
1623 2555 1832 2603 omogenei,
1869 2561 2087 2592 nonostante
2124 2555 2158 2591 le
2193 2555 2379 2593 ricordate

531 2620 730 2658 anomalie:
763 2621 830 2658 che
867 2622 947 2657 anzi
983 2622 1134 2669 proprio
1171 2621 1219 2657 da
1247 2627 1376 2669 queste
1403 2621 1432 2656 si
1462 2621 1605 2658 deduce
1641 2622 1666 2657 il
1705 2627 1887 2658 carattere
1924 2622 2079 2658 unitario
2107 2621 2207 2659 dello
2238 2623 2377 2667 scritto,
2405 2643 2431 2657 0

531 2699 640 2723 come
669 2699 777 2734 sopra
804 2688 943 2723 rilevai.
2432 2738 2434 2742 y

617 2755 650 2790 E
677 2755 794 2791 siamo
821 2753 881 2790 all’
893 2753 1022 2790 ultimo
1058 2754 1263 2801 paragraf0‚
1294 2765 1366 2790 ove
1394 2754 1418 2789 l'
1427 2760 1505 2791 arte
1534 2754 1634 2791 dello
1663 2757 1831 2792 scrittore
1863 2767 1940 2791 non
1968 2756 2162 2792 smentisce
2189 2767 2228 2792 se
2254 2760 2379 2801 stema,
2405 2783 2408 2788 Δ

530 2821 718 2857 lasciando
745 2821 1006 2867 agevolmente
1034 2819 1171 2857 vedere
1199 2820 1234 2855 le
1262 2820 1374 2867 guide
1403 2821 1471 2856 che
1500 2821 1536 2856 lo
1565 2821 1759 2858 diressero.

616 2886 673 2923 La
700 2887 820 2934 prima
848 2887 995 2932 notizia,
1025 2892 1270 2922 concernente
1298 2886 1492 2922 l'elezione
1521 2887 1558 2923 di
1586 2887 1794 2934 Dalmazi0‚
1823 2894 1929 2926 trova
1947 2900 1995 2924 un
2022 2889 2203 2925 riscontro
2221 2889 2258 2924 in
2287 2888 2377 2924 Aur.
2433 2915 2442 2941 4*
2466 2923 2467 2926 ,

529 2945 692 2999 vi‘ttore,
727 2953 851 2990 Caes„-
879 2953 984 2998 XLI,
1020 2952 1076 2989 15.
