2476 3516
637 222 793 259 STUDI
820 222 1011 258 CRITICI
1038 215 1391 258 PRELIMINARI
1831 218 1946 254 XLV

70 395 74 398 ,
128 380 130 382 -
177 355 247 392 Ροί
275 353 541 391 l’Anonimo
569 354 746 390 continua
774 365 848 390 con
866 364 937 389 una
966 353 1153 403 completa
1170 354 1348 390 rifusione
1378 353 1438 390 del
1465 358 1564 390 testo
1594 352 1825 400 eutropiano,
1846 351 1946 388 nella

226 422 264 457 in
290 432 422 457 mezzo
450 420 522 457 alle
550 421 732 469 frequenti
759 420 968 467 ripefizioni
996 433 1017 457 e
1046 420 1296 468 duplicazioni
1323 433 1393 468 pur
1419 420 1577 469 qualche
1605 431 1695 456 cosa
1713 419 1744 455 si
1763 418 1867 455 salva
1885 417 1946 454 del

42 493 189 527 testo
215 488 435 536 originario:
464 500 527 524 ma
554 488 622 524 v’e
651 499 700 523 un
727 485 864 523 indizio
892 487 961 523 che
989 487 1027 523 lo
1054 488 1092 523 fa
1118 493 1282 524 staccare
1310 487 1357 523 da
1385 484 1581 524 Girolamo
1610 498 1678 534 per
1708 484 1947 522 riannodarlo

72 548 115 594 {a
141 554 335 602 Eutropio.
390 554 675 590 L'Anonimo
704 553 850 591 chiama
877 553 1005 599 Elena,
1026 565 1047 589 e
1076 554 1148 591 due
1178 554 1295 600 volte,
1314 565 1409 590 uxor
1436 553 1475 589 di
1505 554 1702 598 Costanzo,
1723 564 1744 588 e
1762 553 1827 600 piu
1844 557 1946 588 sotto

19 615 31 662 ’ἶ
85 611 223 671 -Όνίὲυ,
243 623 280 666 2,
299 630 328 665 2,
348 622 465 657 matre
481 620 662 657 vilaeksima
681 620 729 656 da
748 620 968 656 avvieinarsi
992 632 1015 656 a
1032 632 1164 657 uxores
1181 620 1219 656 di
1238 620 1434 668 Eutropio,
1452 620 1520 666 IX,
1541 622 1604 666 22,
1627 627 1638 656 1
1660 619 1943 668 [I-IIERON1MUS‚

32 674 33 677 Ἴ
79 686 209 739 7308,
228 686 277 723 ha
295 698 438 734 uxores,
457 687 594 736 perche
622 687 647 722 il
673 698 782 734 passo
811 689 831 722 ὲ
860 687 1011 734 copiato
1039 686 1088 722 da
1105 686 1315 735 Eutropio],
1335 686 1383 723 ed
1401 698 1436 733 a,
1460 686 1737 732 Constantinus,
1757 697 1805 723 ex
1822 686 1947 722 obscu-

121 752 130 763 ”
167 752 185 789 i
208 753 442 790 matrimonio
459 754 538 790 eius
541 753 656 804 filius
675 752 911 803 (Em-Romo,
931 754 981 798 X,
1003 755 1039 799 2,
1059 751 1107 802 2).
1157 754 1293 790 Invece
1310 754 1561 798 Hieronimus,
1583 754 1699 798 2322,
1718 753 1756 788 in
1775 764 1822 788 un
1836 763 1948 800 passo

96 820 160 857 sse
186 821 207 855 ὲ
233 821 297 868 piu
324 819 587 868 indipendente
615 807 665 856 da
692 821 890 868 Eutropio,
917 820 984 855 ha:
1015 831 1059 856 ex
1087 820 1287 857 concubina
1314 819 1466 856 Helena
1478 821 1700 867 procreatus
1714 819 1738 855 ¹.

76 878 96 934 ζ’
118 896 121 899 ’
176 885 413 938 Nell’Origv,
442 889 478 934 2,
498 898 527 933 2,
556 888 586 923 si
614 887 742 935 legge:
767 889 857 935 post
881 886 1084 934 depositum
1112 885 1336 935 imperium²
1362 886 1596 924 Diocletiani
1620 888 1655 922 et
1680 885 1861 923 Herculii
1865 898 1877 932 ,·
1909 886 1946 922 la

74 943 226 991 ³fnotizia
252 966 327 990 non
354 953 516 1001 dipende
545 953 593 990 da
618 953 814 1001 Eutropio,
834 954 903 1000 IX,
924 953 987 1000 27,
1010 963 1042 990 1:
1073 956 1115 991 ut
1141 954 1180 990 in
1203 954 1398 1000 privatam
1415 956 1535 991 vitam
1562 952 1805 1000 concederent,
1824 955 1871 989 ne
1900 952 1947 989 da

21 1061 23 1066 f
71 1009 338 1066 Jffleronimus,
359 1022 458 1058 2321
472 1031 481 1056 :
497 1025 712 1068 purpuram
730 1021 985 1067 deposuerunt,
1013 1033 1076 1057 ma
1094 1021 1274 1069 piuttosto
1293 1021 1342 1057 da
1362 1021 1511 1067 Orosio,
1530 1020 1614 1068 VH,
1637 1020 1704 1056 25:
1729 1023 1945 1067 purpuram

20 1090 27 1134 ἑ,
67 1078 356 1135 lampadumque
381 1087 668 1135 deponerent—
678 1090 895 1134 potestatem
921 1087 1075 1136 imperii
1101 1088 1218 1124 simul
1241 1087 1452 1136 cultumque
1478 1087 1734 1135 deposuerunt.
1789 1087 1828 1123 Si
1865 1087 1945 1123 noti

20 1139 24 1160 ³
69 1151 158 1191 fehe
185 1153 381 1191 Girolamo
409 1156 471 1203 qui
506 1155 646 1202 attinge
679 1154 726 1190 ad
754 1155 931 1199 Eusebio,
962 1166 1071 1191 come
1107 1154 1146 1190 lo
1174 1166 1305 1202 prova,
1334 1166 1374 1190 se
1401 1166 1478 1190 non
1504 1154 1600 1190 fosse
1629 1154 1738 1201 altro,
1768 1154 1946 1191 l’intona-

21 1231 23 1233 ’
88 1220 195 1257 aione
223 1221 393 1257 cristiana
412 1220 510 1258 della
535 1222 674 1257 notizia
703 1219 875 1271 (secundo
896 1233 994 1257 anno
1015 1219 1311 1270 persecutionis),
1332 1233 1354 1258 e
1372 1233 1451 1256 non
1467 1221 1516 1256 ad
1543 1221 1740 1268 Eutropio,
1760 1220 1820 1256 nel
1839 1221 1947 1269 quale

59 1323 72 1339 f
87 1285 116 1324 11
140 1286 291 1324 ricorde
318 1287 672 1325 dell'avvenimento
700 1290 721 1323 ὲ
749 1300 914 1335 espresso
942 1288 980 1323 in
1007 1288 1127 1324 forma
1155 1288 1441 1325 assolutamente
1469 1288 1624 1333 diversa,
1643 1295 1787 1324 mentre
1807 1288 1946 1324 Orosio

59 1361 68 1372 *⁴
87 1353 126 1391 in
151 1354 212 1391 cio
238 1355 269 1390 si
296 1354 447 1402 riporta,
476 1367 548 1392 con
575 1356 702 1403 larghe
730 1356 899 1401 vax-lauti,
916 1356 985 1391 che
1012 1356 1153 1391 lascian
1180 1356 1317 1392 tradite
1346 1355 1382 1391 la
1407 1356 1669 1404 provenienza,
1689 1366 1711 1390 a
1731 1354 1943 1392 Girolamo:

55 1427 61 1469 ᾗ
89 1430 152 1457 ma
186 1420 448 1457 l’Anonimo
484 1422 624 1469 attinge
660 1435 735 1458 non
764 1434 786 1458 a
819 1428 950 1471 questo
987 1422 1091 1459 bensi
1126 1421 1174 1458 ad
1202 1423 1354 1467 Orosio,
1392 1422 1638 1471 accogliendo
1674 1422 1944 1469 precisamente

17 1524 20 1528 „
66 1483 211 1537 ¹'que-gli
238 1487 413 1524 elementi
441 1489 510 1526 che
536 1500 719 1525 mancano
746 1489 843 1525 nella
870 1488 1075 1526 tradizione
1103 1489 1360 1527 ieronimiana.

172 1554 362 1591 Veniamo
390 1556 466 1592 alla
493 1562 614 1592 morte
632 1556 671 1592 di
689 1557 894 1593 Costanzo.
949 1556 1133 1592 Riterisce
1152 1556 1348 1604 Eutropio,
1367 1557 1417 1602 X,
1444 1556 1475 1602 l,
1495 1564 1531 1593 3:
1557 1554 1658 1592 Obiit
1677 1556 1718 1592 in
1736 1555 1943 1592 Britannia

16 1611 18 1618 ⁸
74 1616 250 1669 ‘Eboraci
267 1622 509 1669 principatus
536 1635 634 1660 anno
660 1623 766 1659 tertio
793 1623 932 1660 decimo
958 1624 1068 1671 atque
1085 1623 1185 1660 inter
1202 1623 1305 1660 divos
1321 1624 1462 1660 relatus
1480 1625 1552 1671 est,-
1578 1624 1643 1671 piu
1661 1628 1761 1660 sotto
1779 1624 1829 1669 X,
1850 1625 1886 1668 2,
1906 1631 1941 1658 2:

56 1681 63 1728 Γ,
86 1676 212 1724 vorum
232 1688 448 1726 Constantio
466 1692 607 1727 mortuo
630 1689 907 1736 Constantinus,
927 1702 971 1726 ex·
989 1690 1196 1727 obscuriore
1213 1691 1448 1727 matrimonio
1466 1691 1544 1727 eius
1545 1691 1661 1740 filius
1679 1690 1719 1726 in
1737 1690 1945 1726 Britannia

54 1772 59 1790 .·
88 1753 219 1791 electus
236 1757 290 1790 est
305 1755 507 1805 imperator
525 1759 561 1793 et
576 1757 617 1792 in
634 1757 753 1793 locum
767 1756 925 1803 patris..
935 1782 961 1792 ..
980 1757 1146 1794 accessit.
1188 1757 1443 1803 Hieronimus,
1459 1758 1576 1803 2322,
1597 1756 1833 1794 Constantius
1846 1758 1944 1793 sexto

55 1827 68 1831 ’
88 1820 222 1857 decimo
239 1821 393 1868 imperii
403 1834 500 1859 anno
517 1823 613 1859 diem
630 1823 723 1860 obiit
734 1823 775 1859 in
787 1824 969 1860 Britania
983 1824 1158 1870 Eboraci,
1173 1835 1281 1871 passo
1296 1824 1364 1860 che
1381 1823 1542 1871 dipende
1562 1822 1611 1860 da
1625 1823 1820 1872 Eutropio,
1840 1827 1945 1859 men-

55 1883 66 1942 ζ
86 1893 142 1924 tre
160 1899 237 1924 non
254 1889 376 1926 oserei
394 1889 564 1926 affermar
581 1891 617 1927 la
634 1897 748 1927 stessa
767 1901 855 1927 cosa
873 1902 939 1938 per
956 1895 1054 1928 tutto
1071 1890 1098 1926 il
1120 1896 1233 1936 resto,
1261 1891 1395 1938 poiche
1424 1903 1463 1927 se
1490 1891 1524 1927 la
1550 1891 1644 1927 frase
1672 1903 1715 1928 ex
1742 1891 1943 1928 concubina

60 1959 63 1965 ¹
87 1953 236 1991 Helena
263 1955 302 1992 fa
328 1956 488 1992 ritenere
514 1968 614 2004 poco
641 1957 834 2005 probabile
862 1957 898 1993 la
924 1959 1174 2006 provenienza
1201 1957 1249 1994 da
1274 1958 1452 2000 Eusebio,
1480 1958 1541 2006 pel
1569 1957 1755 1994 contrario
1789 1957 1943 1993 l'ultima

10 2075 12 2078 Ι
54 2044 56 2069 3
85 2026 206 2069 parte:
234 2024 365 2069 quarto
382 2025 503 2059 autem
525 2024 791 2070 persecutionis
818 2036 890 2061 ecc.
921 2037 942 2061 a
961 2030 1093 2073 questo
1111 2025 1141 2061 si
1170 2025 1266 2061 deve
1284 2024 1626 2072 presumibilmente
1645 2024 1797 2060 riferire.
1843 2024 1942 2060 Oro-

53 2086 155 2145 seio,
184 2099 293 2124 come
321 2089 516 2138 EutropiO,
545 2091 664 2138 ripete
691 2090 727 2126 la
754 2091 893 2128 notizia
920 2091 1005 2139 VII,
1026 2090 1089 2138 25,
1111 2103 1156 2138 1⁶,
1186 2103 1207 2127 e
1235 2091 1319 2137 VII,
1347 2092 1408 2136 28,
1433 2101 1465 2128 1:
1494 2103 1556 2128 ma
1583 2091 1621 2126 in
1647 2091 1733 2138 V11,
1763 2089 1826 2136 25,
1850 2099 1894 2136 16,
1913 2090 1943 2125 si

8 2212 12 2219 ,
52 2215 58 2227 x
87 2190 174 2224 plano
192 2199 208 2217 e
229 2192 335 2226 Por-130
359 2194 384 2218 si
408 2202 494 2228 possa
518 2195 662 2220 desumere
686 2195 848 2221 l'esistenza
872 2195 903 2220 di
927 2203 984 2221 una
1038 2195 1161 2229 rispetto
1180 2195 1216 2220 ad
1235 2195 1392 2229 Eutropio:
1413 2199 1464 2228 per
1476 2195 1582 2228 filiam,
1601 2202 1616 2220 e
1635 2194 1732 2220 l’altra
1756 2194 1940 2227 riguardante

8 2228 18 2255 ’γ
51 2250 64 2269 3
87 2231 168 2259 fonte
186 2241 315 2265 comune,
334 2235 381 2261 cul
393 2237 404 2260 1
417 2236 472 2261 due
490 2237 587 2262 autori
605 2238 746 2262 attinsero
765 2237 983 2271 indipendente-
1037 2236 1181 2267 Teodom,
1199 2237 1280 2271 figlia
1299 2238 1329 2262 di
1354 2237 1542 2263 Massimiano
1562 2236 1688 2262 secondo
1708 2235 1817 2261 l‘Ano
1829 2236 1940 2264 nimo,

8 2293 13 2300 .
62 2306 68 2313 ⁴
86 2277 186 2305 mente,
202 2276 393 2303 modificando
412 2278 514 2304 alcune
526 2280 602 2312 parti
620 2279 744 2304 secondo
764 2280 862 2305 criteri
875 2281 984 2313 propri.
1032 2280 1163 2312 privigna
1182 2279 1309 2304 secondo
1334 2280 1485 2313 Eutropio,
1511 2286 1557 2304 ma
1583 2279 1629 2303 chi
1653 2278 1746 2303 scrive
1765 2276 1780 2302 ὲ
1799 2278 1875 2302 forse
1900 2285 1939 2302 un

8 2350 11 2355 Ι
86 2315 152 2342 Non
171 2319 256 2343 trovo
281 2320 382 2345 invero
406 2328 464 2345 una
488 2321 673 2354 discrepanza
698 2322 914 2347 fundamentale
939 2322 983 2347 fra
1036 2323 1163 2355 ingenuo
1178 2322 1340 2355 plagiario?
1359 2323 1426 2347 Non
1439 2323 1476 2347 ha
1489 2322 1547 2354 egli
1558 2322 1670 2351 diritto,
1684 2321 1805 2355 rispetto
1819 2321 1876 2345 alla
1889 2327 1940 2344 sua

6 2362 14 2394 s,
48 2373 60 2395 q·
86 2357 228 2393 Eutropio
246 2367 262 2385 e
280 2360 398 2394 l’on'gv,
417 2370 496 2388 come
514 2363 590 2388 forse
609 2363 692 2388 vuole
711 2363 730 2388 1⁷
739 2363 906 2397 Ohnesorge
930 2363 982 2398 (op.
1036 2364 1126 2395 fonte,
1145 2364 1182 2389 ad
1200 2372 1258 2389 una
1277 2366 1354 2390 certa
1375 2365 1588 2398 indipendenza
1606 2371 1656 2396 per
1676 2363 1720 2388 sar
1739 2370 1805 2388 cosa
1827 2362 1940 2388 nuova?

49 2409 52 2412 ⁴
85 2401 142 2430 eit„
159 2409 187 2434 p.
206 2401 261 2435 43),
279 2403 325 2428 sui
348 2404 403 2429 due
420 2406 590 2430 matrimoni
609 2406 640 2431 di
657 2404 810 2438 Costanzo,
829 2405 940 2440 poiche,
953 2414 982 2432 se
1034 2406 1130 2431 Tanto
1155 2405 1170 2431 ὲ
1189 2414 1257 2432 vero
1276 2407 1327 2431 che
1352 2407 1410 2439 egli
1428 2407 1458 2431 vi
1477 2407 1619 2440 aggiunge
1636 2406 1754 2438 qualche
1779 2413 1846 2430 cosa
1865 2405 1940 2429 sulla

6 2458 17 2487 ἶ,
53 2481 56 2484 ἢ
85 2442 235 2470 differenza
252 2445 345 2476 essste,
357 2453 418 2471 essa
430 2445 446 2472 ὲ
459 2447 566 2472 dovuta
585 2448 613 2472 al
630 2448 744 2473 diverso
757 2449 980 2483 impostamento
1034 2449 1125 2473 storia
1144 2449 1289 2473 anteriore
1306 2456 1323 2473 a
1344 2447 1490 2474 Costanzo
1510 2449 1585 2473 tolta
1604 2448 1640 2472 da
1658 2447 1732 2472 altra
1759 2447 1840 2472 fonte
1862 2445 1939 2480 (vedi

85 2483 132 2510 del
150 2488 286 2511 racconto
306 2489 452 2521 suggerito
471 2489 719 2515 all’Anonimo
739 2490 816 2516 dalla
842 2490 980 2517 necessita
1033 2497 1060 2524 p.
1080 2497 1159 2523 xuv,
1179 2493 1250 2516 nota
1270 2490 1297 2524 3)
1317 2491 1351 2516 ed
1371 2493 1476 2516 omette
1501 2490 1548 2516 cio
1568 2491 1618 2515 che
1642 2497 1700 2515 non
1725 2490 1767 2523 gli
1792 2490 1938 2519 interessa,

7 2529 17 2535 '¹
48 2532 52 2546 5
85 2525 117 2551 dl
134 2527 283 2553 eliminare
301 2530 411 2555 notizie
429 2532 556 2556 estranee
574 2532 631 2557 alle
649 2532 737 2565 figure
758 2534 980 2564 costantiniane‚
1032 2533 1111 2565 quali
1136 2533 1147 2558 i
1170 2534 1251 2558 nomi
1279 2533 1325 2558 dei
1353 2534 1480 2566 colleghi
1500 2534 1530 2558 di
1557 2532 1706 2559 Costanzo
1734 2532 1875 2557 ricordati
1903 2532 1938 2557 da

85 2570 164 2602 quali
181 2572 326 2604 potevano
345 2579 434 2598 essere
458 2574 552 2606 quelle
570 2575 751 2607 riguardanti
771 2575 898 2606 Galerio,
918 2577 979 2602 iad·
1032 2575 1182 2609 EutropIo.
1217 2576 1251 2601 In
1271 2576 1457 2602 conclusione
1471 2583 1531 2600 non
1551 2576 1590 2601 mi
1610 2575 1718 2600 sembra
1731 2575 1781 2600 che
1795 2575 1870 2599 dalle
1883 2574 1938 2599 dis-

47 2618 49 2622 ⁴
86 2609 158 2636 dove
170 2612 197 2637 le
209 2613 395 2639 coincidenze
408 2615 533 2640 letterali
547 2616 726 2642 dimostrano
740 2617 875 2651 l'origine
888 2619 980 2652 prima
1034 2619 1143 2644 ferenze
1169 2619 1212 2644 fra
1231 2619 1242 2644 1
1262 2619 1317 2644 due
1330 2619 1428 2644 autori
1447 2620 1478 2644 in
1498 2621 1598 2651 questo
1618 2626 1701 2652 passo
1715 2619 1740 2642 si
1754 2625 1839 2651 possa
1857 2618 1938 2651 desu-

4 2651 8 2660 '
52 2664 53 2667 ¹
85 2651 131 2678 del
149 2656 294 2680 racconto.
330 2655 405 2681 Vero
429 2655 445 2681 ὲ
470 2657 520 2682 che
544 2658 686 2692 Eutropio
712 2661 773 2684 tace
792 2661 814 2684 11
841 2668 924 2685 nome
950 2661 980 2685 di
1036 2667 1110 2685 mere
1128 2661 1157 2686 la
1170 2661 1235 2686 loro
1248 2661 1459 2695 indipendenza
1472 2661 1503 2685 di
1517 2661 1709 2689 derivazione,
1722 2661 1806 2685 tanto
1820 2657 1871 2693 piu
1885 2660 1936 2684 che

4 2698 9 2732 ζ
44 2694 51 2739 ζ
84 2693 182 2726 Elem„
200 2695 223 2720 11
241 2697 308 2729 qual
327 2696 396 2731 pero
415 2697 430 2724 ὲ
449 2699 613 2725 facilmente
631 2701 833 2727 riconoscibile
853 2702 899 2727 nel
922 2710 980 2728 rac·
1036 2702 1063 2727 le
1081 2703 1269 2728 discordanze
1282 2711 1356 2728 sono
1376 2704 1407 2728 dl
1426 2704 1522 2728 minor
1535 2705 1623 2728 conto
1643 2702 1718 2727 delle
1732 2702 1937 2727 concordanze.

3 2738 7 2750 ’
40 2737 42 2741 “
85 2738 172 2763 conto
191 2745 206 2763 e
224 2738 316 2764 dovea
334 2747 408 2765 esser
421 2741 584 2774 famigliare
602 2743 638 2768 ad
657 2751 715 2768 uno
735 2745 868 2770 scrittore
882 2745 927 2770 del
940 2752 980 2770 se·
1124 2743 1133 2761 ¹
1153 2743 1224 2771 Cosl
1250 2745 1373 2775 Onosro,
1399 2745 1460 2776 VH,
1482 2742 1527 2776 25,
1548 2749 1581 2774 1⁶,
1607 2745 1718 2778 attinge
1737 2752 1754 2769 a
1773 2743 1936 2775 Girolamo,

2 2806 6 2822 ἶ
84 2778 150 2804 οο1ο
167 2779 207 2804 1v
215 2788 222 2805 =
246 2781 371 2806 tuttavia
389 2781 404 2808 ὲ
423 2785 529 2817 troppo
548 2784 648 2810 sot-tue
672 2792 690 2810 a
708 2788 807 2818 questo
828 2787 980 2820 proposito
1036 2793 1120 2820 2322=
1134 2787 1230 2821 filium
1242 2795 1275 2812 ex
1286 2789 1429 2812 concubina
1442 2788 1544 2812 Helena
1552 2798 1563 2817 ,·
1582 2787 1607 2812 sl
1622 2787 1686 2812 noti
1699 2787 1758 2818 che,
1772 2787 1894 2811 siccome
1906 2787 1937 2811 1η

2 2822 8 2841 2
42 2843 61 2863 Ἀ,
84 2819 305 2848 l'ouervazlone
332 2823 585 2859 dell'Ohnesorge,
615 2827 638 2851 11
666 2827 749 2860 quale
780 2829 854 2854 nelle
882 2830 981 2862 parole
1035 2829 1198 2861 Girolamo‚
1209 2829 1316 2855 Orosio
1335 2828 1372 2854 (1ὸ.
1390 2830 1419 2855 la
1433 2830 1545 2855 notizia
1559 2830 1642 2854 unita
1656 2829 1714 2854 alla
1728 2831 1819 2855 morte
1837 2829 1867 2853 di
1881 2828 1937 2854 Co—

2 2860 9 2896 (
54 2869 55 2874 ¹
83 2867 116 2885 en
137 2863 283 2888 obscuriore
301 2866 470 2891 matrimonio
495 2867 525 2891 di
550 2867 693 2902 Eutropio
719 2870 856 2895 vorrebbe
881 2871 981 2896 vedere
1035 2873 1147 2897 stanzo.

2 2901 8 2942 ’λ
45 2915 48 2918 ’
83 2899 228 2930 Ριοωιπιο
246 2905 282 2930 ad
301 2913 340 2930 un
359 2907 440 2932 terzo
453 2909 650 2935 matrimonio.
686 2910 752 2935 Non
772 2912 798 2936 si
811 2911 891 2945 legge
905 2913 981 2937 forse
1122 2912 1134 2930 ²
1153 2914 1186 2939 In
1206 2914 1392 2944 LA'r'rAnzxo,
1411 2914 1454 2938 De
1466 2917 1541 2938 mort.
1558 2917 1641 2945 pers..
1661 2911 1705 2944 26,
1724 2916 1752 2938 7:
1767 2915 1826 2945 post
1838 2912 1937 2945 depost*-

51 2955 57 2963 ’-
84 2944 246 2978 nell‘Origo,
259 2946 285 2978 2,
298 2952 327 2972 22
340 2947 442 2973 Helena
455 2954 540 2975 matre
556 2951 709 2976 vilissima?
727 2950 782 2977 Piu
794 2954 981 2980 concludenti
1035 2958 1093 2980 tum
1109 2956 1272 2988 Imperium.-
1292 2956 1321 2980 la
1334 2955 1522 2981 coincidenza
1540 2953 1555 2980 ὲ
1574 2956 1694 2985 casuale,
1708 2952 1809 2988 perche
1825 2954 1937 2978 risen-ita

82 2988 251 3021 potrebbero
269 2997 359 3016 essere
377 2991 404 3017 le
423 2993 551 3019 varianti
564 2993 734 3028 nell'Origw:
754 2998 832 3028 nepos
848 2996 980 3028 exsratre
1034 2997 1070 3022 ad
1090 2997 1165 3022 altra
1184 2998 1374 3024 circostanza.

1968 2363 2000 2391 ²5

1967 2576 2001 2602 30

1966 2783 1998 2810 35

1965 2996 2000 3025 40
