2476 3516
3 2548 8 2585 η.-
4 2460 8 2538 am
4 2440 7 2448 .
4 2393 7 2423 Δ.»
0 2281 8 2381 -z—v.

380 486 456 510 Mun„
472 490 510 510 437

378 2042 454 2064 Mun..
469 2043 509 2066 638

570 239 592 273 ὁ
1173 237 1252 273 AN
1254 237 1329 273 ΟΝ
1331 236 1480 273 YMUS
1509 235 1845 272 VALESIANUS

562 369 652 402 idest
676 369 874 401 Maxentius
905 366 999 410 apud
1022 366 1210 404 Galerium,
1237 365 1399 408 precibus
1425 364 1533 408 magis
1557 374 1659 407 quam
1690 364 1793 396 armis
1823 370 1940 407 optata
1966 371 2188 398 mercaretur.
2235 362 2305 402 Qui
2333 373 2415 397 con-

563 428 712 465 temptus
735 422 876 466 agnovit
897 421 1072 463 promissis
1087 420 1237 452 virorum
1260 418 1415 450 Maxenti
1433 418 1582 460 [milites]
1598 423 1715 460 partes
1731 427 1809 450 suas
1825 417 2036 456 deseruisse3
2060 419 2184 461 quibus
2199 416 2426 460 perturbatus·

566 482 659 508 retro
682 485 801 507 versus
824 480 876 506 est
900 480 934 506 et
957 479 994 505 ut
1016 472 1114 505 militi
1138 482 1200 504 suo
1223 471 1388 513 praedam
1419 480 1670 513 quamcumque
1701 470 1889 508 conferret,
1919 470 2121 503 Flaminiam
2151 470 2247 503 iussit
2276 469 2432 508 aufert-L*

566 529 622 570 [8].
638 528 701 560 Ille
717 527 763 560 ad
779 526 1041 559 Constantinum
1056 525 1198 568 refugit.
1243 524 1344 556 Tunc
1361 523 1522 555 Galerius
1538 523 1574 554 in
1589 522 1730 566 Illyrico
1753 522 1925 556 Licinium
1941 522 2140 556 'Caesarem
2163 523 2264 560 fecit3
2287 514 2431 556 deinde·

564 582 622 614 illo
646 582 681 614 in
698 580 875 613 Pannonia
891 579 1024 616 relicto,
1040 578 1113 620 ipse
1129 577 1176 610 ad
1197 576 1378 609 Serdicam
1402 586 1589 620 regressus,
1605 575 1725 608 morbo
1748 575 1880 619 ingenti
1904 582 2102 619 occupatus,
2117 577 2167 609 sic
2190 575 2365 614 distabuit,
2379 581 2417 610 ut

563 640 683 677 aperto
707 640 742 666 et
765 632 976 676 putrescenti
1001 632 1134 664 viscere
1159 635 1350 662 moreretur
1373 629 1410 661 in
1432 629 1639 672 supplicium
1654 629 1904 671 persecutionis
1920 629 2165 673 iniquissimae,
2180 628 2226 662 ad
2241 635 2418 662 auctorem

565 688 723 721 scelerati
748 686 926 729 praecepti
950 684 1132 717 iustissima
1155 693 1268 726 poena
1291 681 1471 715 redeunte.
1516 681 1705 725 Imperavit
1726 692 1836 715 annos
1857 692 1978 715 xvnn.

652 803 682 834 4.
707 820 748 824 -
773 801 830 843 [9].
853 799 1004 832 Severus
1028 797 1158 831 Caesar
1181 797 1342 842 ignobilis
1367 804 1402 831 et
1424 797 1576 830 moribus
1599 803 1635 831 et
1657 796 1838 836 natalibus,
1862 796 2017 830 ebriosus
2032 803 2068 830 et
2089 798 2156 830 hoc
2179 796 2321 830 Galerio
2334 796 2429 830 ami-'

564 866 641 889 cus:
666 856 757 887 hunc
782 863 865 897 ergo
882 859 916 885 et
939 852 1165 884 Maximinum
1188 850 1357 884 Caesares
1379 850 1541 884 Galerius
1556 851 1652 889 fecit,
1676 849 1902 883 Constantino
1917 850 2003 883 nihil
2020 850 2088 883 tale
2112 856 2289 884 noscente.
2327 847 2427 884 Huic
2467 879 2469 889 ,

563 908 693 941 Severo
717 907 917 939 Pannoniae
942 911 977 938 et
999 905 1119 938 Italiae
1136 904 1239 937 urbes
1256 910 1291 937 et
1313 904 1458 936 Africae
1482 904 1719 948 contigerunt:
1743 913 1812 946 quo
1828 913 1911 936 casu
1925 903 2122 936 Maxentius
2145 903 2259 936 factus
2281 909 2334 936 est
2355 903 2417 936 im-
2435 895 2436 898 ¹
2466 891 2470 901 ¹

563 968 712 1004 perator.
752 960 826 1001 [10].
842 959 933 991 Nam
957 958 1114 991 desertus
1131 957 1281 990 Severus
1296 968 1317 990 a
1333 958 1402 989 suis
1419 957 1509 1001 fugit
1523 957 1739 990 Ravennam.
1786 956 1855 989 Pro
1870 956 2048 990 Maxentio
2063 957 2134 995 filio
2157 962 2320 990 evocatus
2335 956 2419 991 illuc

565 1015 659 1048 venit
682 1013 878 1050 Herculius,
901 1012 960 1055 qui
977 1022 1041 1054 per
1064 1011 1251 1054 periurium
1274 1003 1442 1043 Severum
1466 1010 1653 1053 deceptum
1676 1010 1854 1043 custodiae
1871 1010 2015 1043 tradidit
2037 1016 2073 1043 et
2096 1010 2225 1053 captivi
2248 1009 2369 1043 habitu
2383 1009 2439 1043 in

564 1068 686 1101 urbem
709 1066 871 1110 perduxit
894 1072 929 1098 et
954 1065 990 1097 in
1013 1065 1095 1097 villa
1122 1064 1263 1107 publica
1285 1063 1423 1107 Appiae
1455 1064 1532 1096 viae
1556 1064 1754 1096 tricensimo
1785 1064 1932 1096 miliario
1956 1063 2122 1097 custodiri
2154 1063 2250 1096 fecit.
2294 1062 2436 1096 Postea*

561 1132 639 1154 cum
663 1120 823 1153 Galerius
847 1119 981 1152 Italiam
1002 1124 1148 1161 peteret,
1173 1117 1231 1150 ille
1254 1117 1426 1161 iugulatus
1450 1123 1503 1150 est
1526 1123 1561 1150 et
1583 1117 1712 1150 deinde
1736 1117 1864 1150 relatus
1887 1116 1933 1150 ad
1956 1122 2115 1150 octavum
2131 1116 2312 1149 miliarium
2334 1126 2418 1150 con-

561 1174 721 1217 ditusque
738 1174 774 1206 in
789 1164 944 1205 Gallieni
955 1177 1186 1204 monumento.
1211 1171 1284 1213 [11].
1296 1170 1405 1214 Igitur
1417 1169 1577 1203 Galerius
1589 1171 1638 1203 sic
1652 1170 1807 1204 ebriosus
1822 1171 1898 1209 fuit,
1910 1176 1957 1209 ut,
1970 1181 2048 1203 cum
2060 1170 2196 1203 iuberet
2210 1170 2417 1203 temulentus

563 1239 604 1260 ea
627 1239 716 1271 quae
741 1225 905 1260 facienda
928 1235 998 1258 non
1021 1230 1146 1263 essent,
1169 1235 1190 1257 a
1213 1224 1394 1267 praefecto
1421 1224 1615 1257 admonitus
1645 1225 1870 1263 constituerit,
1893 1235 1937 1258 ne
1968 1224 2060 1257 iussa
2090 1224 2164 1257 eius
2185 1224 2310 1267 aliquis
2338 1228 2417 1266 post
2435 1230 2438 1232 ’

561 1281 743 1324 prandium
766 1281 911 1313 faceret.

650 1388 680 1420 5.
698 1406 739 1411 —
757 1388 832 1430 [12].
855 1386 994 1418 Interea
1010 1384 1255 1418 Constantinus
1270 1384 1364 1427 apud
1380 1384 1567 1423 Veronam,
1583 1384 1683 1418 victis
1699 1384 1845 1418 ducibus
1865 1384 2014 1428 tyranni,
2030 1384 2178 1417 Romam
2193 1383 2304 1427 petiit.
2326 1381 2414 1416 Cum

563 1448 677 1475 autem
700 1441 746 1474 ad
770 1440 890 1473 urbem
914 1438 1158 1471 Constantinus
1181 1438 1342 1476 venisset,
1367 1449 1526 1482 egressus
1549 1449 1593 1470 ex
1617 1438 1702 1470 urbe
1725 1437 1922 1471 Maxentius
1946 1448 2105 1480 campum
2120 1447 2224 1480 supra
2246 1436 2415 1476 Tiberim,
2434 1457 2443 1470 ,ι

561 1496 598 1528 in
620 1505 689 1538 quo
713 1494 903 1531 dimicaret,
928 1492 1050 1536 elegit;
1073 1491 1132 1524 ubi
1149 1492 1270 1530 victus,
1287 1492 1415 1535 fugatis
1432 1491 1589 1524 omnibus
1604 1492 1684 1529 suis,
1701 1491 1790 1524 inter
1805 1491 1981 1535 angustias
1996 1491 2148 1524 arcentis
2170 1490 2290 1534 populi
2305 1489 2418 1533 periit,
2469 1530 2471 1534 Ι

562 1559 653 1592 equo
675 1547 923 1590 praecipitatus
945 1546 982 1578 in
1004 1546 1154 1578 fluvium.
1201 1544 1344 1578 Postera
1368 1545 1425 1578 die
1449 1555 1575 1587 corpus
1598 1545 1705 1587 ipsius
1728 1545 1878 1577 levatum
1894 1544 2034 1577 flumine
2058 1549 2093 1577 et
2115 1550 2221 1587 caput
2242 1544 2316 1577 eius
2331 1543 2417 1576 inci-
2469 1536 2471 1579 J

560 1613 634 1634 sum
657 1601 693 1633 in
715 1600 836 1633 urbem
859 1599 1029 1643 perlatum
1052 1604 1120 1632 est:
1144 1598 1190 1631 de
1213 1598 1310 1631 cuius
1326 1598 1460 1642 origine
1483 1604 1593 1630 mater
1609 1598 1693 1636 eius,
1717 1608 1795 1631 cum
1811 1598 2004 1641 quaesitum
2027 1603 2129 1636 esset,
2151 1596 2242 1642 Syro
2263 1596 2414 1640 quodam

560 1655 714 1699 genitum
739 1664 814 1687 esse
838 1653 1010 1687 confessa.
1055 1652 1243 1695 Imperavit
1265 1661 1373 1684 annos
1397 1651 1472 1694 [νη.

649 1764 679 1795 ὁ.
697 1781 738 1786 —
755 1761 834 1804 [13].
856 1761 1011 1794 Licinius
1033 1761 1150 1804 itaque
1174 1771 1218 1792 ex
1240 1770 1330 1792 nova
1347 1759 1455 1792 Dacia
1471 1759 1607 1803 vilioris*
1623 1759 1766 1803 originis
1788 1769 1810 1791 a
1825 1758 1966 1792 Galerio
1983 1758 2096 1791 factus
2111 1758 2308 1801 imponitur,
2319 1757 2415 1792 velut

560 1817 743 1851 adversum
759 1815 972 1847 Maxentium
988 1820 1216 1858 pugnaturum
1242 1813 1304 1846 sed
1319 1823 1485 1855 oppresso
1509 1812 1686 1846 Maxentio
1703 1823 1782 1846 cum
1804 1813 1995 1855 recepisset
2009 1812 2155 1850 Italiam,
2169 1810 2415 1845 commum·
2438 1827 2440 1830 v
2467 1801 2470 1811 ⁴

562 1871 628 1903 hoc
651 1869 823 1902 Licinium
846 1868 991 1901 foedere
1015 1867 1079 1900 sibi
1104 1867 1190 1900 fecit
1212 1866 1366 1910 adiungi,
1388 1872 1426 1899 ut
1448 1866 1604 1899 Licinius
1626 1865 1873 1904 Constantiam,
1897 1875 2050 1899 sororem
2072 1863 2300 1904 Constantini,
2320 1864 2416 1908 apud
2438 1892 2440 1894 .

560 1923 797 1957 Mediolanum
820 1922 974 1955 duxisset
995 1931 1147 1954 uxorem.
1190 1919 1330 1963 Nuptiis
1345 1919 1530 1953 celebratis
1553 1919 1685 1953 Gallias
1700 1920 1828 1962 repetit
1849 1918 2104 1957 Constantinus,
2119 1917 2256 1952 Licinio
2271 1917 2318 1952 ad
2331 1917 2414 1963 Illy-
2441 1957 2443 1959 ,

561 1978 671 2010 ricum
693 1986 844 2009 reverso.
890 1975 966 2016 [14].
983 1973 1066 2008 Post
1088 1974 1300 2017 aliquantum
1312 1973 1445 2006 deinde
1460 1974 1624 2016 temporis
1647 1973 1885 2007 Constantium
1908 1972 2152 2006 Constantinus
2167 1971 2214 2005 ad
2228 1970 2415 2006 Licinium'
2440 2014 2442 2017 r

563 2031 664 2069 misit,
687 2028 901 2073 persuadens
923 2034 961 2061 ut
983 2027 1168 2061 Bassianus
1191 2026 1321 2060 Caesar
1344 2027 1453 2065 fieret,
1476 2028 1535 2070 qui
1559 2027 1712 2060 habebat
1732 2027 1877 2060 alteram
1899 2026 2116 2060 Constantini
2138 2036 2302 2064 sororem,
2319 2025 2417 2058 Ana·-

563 2084 711 2122 stasiam,
722 2089 761 2116 ut
776 2081 935 2124 exemplo
960 2081 1167 2114 Diocletiani
1184 2086 1220 2114 et
1233 2080 1435 2112 Maximiani
1451 2081 1541 2113 inter
1563 2079 1825 2114 Constantinum
1842 2085 1877 2112 et
1891 2079 2064 2112 Licinium
2079 2079 2263 2113 Bassianus
2282 2078 2417 2112 Italian

561 2137 695 2171 medius
710 2136 892 2179 optineret.
936 2135 1014 2177 [15].
1031 2135 1076 2167 Et
1091 2134 1227 2167 Licinio
1243 2134 1325 2167 talia
1341 2134 1527 2167 frustrante
1544 2144 1607 2176 per
1622 2132 1843 2166 Senicionem
1860 2132 2016 2166 Bassiani
2033 2133 2187 2171 fratrem,
2202 2132 2262 2176 qui
2279 2131 2416 2165 Licinio

562 2191 652 2224 fidus
674 2195 760 2228 erat,
775 2189 812 2222 in
827 2187 1090 2221 Constantinum
1114 2187 1298 2220 Bassianus
1320 2193 1489 2221 armatur:
1512 2187 1572 2230 qui
1589 2192 1706 2220 tamen
1721 2187 1758 2219 in
1773 2191 1900 2220 conatu
1923 2186 2172 2229 deprehensus,
2190 2185 2416 2220 Constantino

562 2244 714 2282 iubente,
727 2242 906 2276 convictus
930 2247 965 2274 et
979 2247 1104 2274 stratus
1127 2247 1190 2274 est.
1234 2240 1323 2273 Cum
1345 2240 1496 2279 Senicio,
1520 2246 1641 2273 auctor
1663 2240 1874 2279 insidiarum,
1891 2246 2093 2283 posceretur
2115 2239 2161 2272 ad
2183 2249 2342 2282 poenam,
2356 2249 2418 2272 ne-

561 2303 666 2342 gante
689 2295 836 2333 Licinio,
849 2295 961 2327 fracta
977 2294 1166 2327 concordia
1182 2299 1244 2333 est,
1268 2293 1396 2328 additis
1411 2294 1514 2327 etiam
1538 2294 1650 2327 causis
1666 2293 1760 2337 quod
1775 2293 1869 2336 apud
1884 2293 2051 2326 Emonam
2066 2292 2282 2326 Constantini
2292 2291 2418 2337 imagi·
2441 2310 2444 2314 -

562 2361 624 2383 nes
647 2355 844 2392 statuasque
869 2347 1057 2381 deiecerat.
1095 2347 1172 2390 [16].
1187 2347 1323 2380 Bellum
1338 2348 1467 2381 deinde
1483 2354 1640 2390 apertum
1657 2346 2011 2380 convenitambobus.
2046 2346 2235 2390 Utriusque
2249 2345 2298 2379 ad
2312 2344 2417 2378 Cibo-

563 2404 695 2437 lensem
719 2412 878 2445 campum
893 2400 1017 2434 ductus
1041 2401 1222 2435 exercitus.
1267 2401 1404 2435 Licinio
1420 2411 1518 2434 xxxv
1533 2401 1627 2434 milia
1642 2401 1797 2444 peditum
1813 2406 1848 2434 et
1870 2400 2023 2444 equitum
2039 2400 2150 2439 fuere,
2164 2398 2417 2433 'Consi-nfirma
2435 2402 2444 2426 I
2462 2414 2465 2415 ⁷

653 2564 675 2582 1.
685 2556 733 2581 ide
744 2556 770 2580 B
780 2569 813 2574 —
825 2562 850 2581 2.
863 2556 878 2573 ⁸
885 2555 900 2573 ³⁸
907 2555 922 2573 *
933 2556 1061 2581 virorum
1073 2556 1100 2580 B
1109 2568 1120 2574 -
1130 2556 1237 2581 milites
1249 2563 1321 2589 cong.
1328 2566 1340 2585 ,·
1353 2565 1401 2583 om
1415 2557 1441 2581 B
1451 2570 1462 2576 -
1473 2557 1641 2582 deseruisset
1652 2557 1696 2586 Β,·
1709 2556 1865 2582 deseruisse
1874 2554 1916 2581 8³
1926 2570 1959 2575 —
1971 2563 1997 2590 3.
2007 2553 2100 2582 milite
2109 2556 2136 2580 B
2145 2569 2156 2575 -
2166 2562 2250 2589 quam
2262 2561 2364 2588 umque
2372 2554 2415 2584 8:
2442 2579 2443 2582 ,

561 2605 764 2632 quamcumque
781 2598 808 2622 B
817 2596 826 2614 ¹
837 2596 849 2613 b
862 2611 873 2617 -
893 2598 1079 2623 flamminium
1096 2598 1123 2622 B
1136 2611 1144 2616 -
1159 2598 1316 2624 flamminia
1328 2597 1371 2623 8¹
1380 2597 1391 2614 ¹³
1405 2613 1437 2617 —
1451 2607 1476 2632 4.
1493 2599 1611 2633 yllirico
1624 2599 1650 2623 B
1663 2612 1673 2618 -
1693 2599 1829 2624 laesarem
1842 2600 1885 2628 Β,·
1898 2606 2037 2624 caesarem
2055 2599 2082 2622 B
2091 2597 2100 2614 ¹
2109 2600 2122 2613 ⁸
2134 2611 2167 2616 —
2181 2605 2206 2631 5.
2225 2597 2358 2623 attibuit
2369 2597 2414 2626 B,-
2441 2616 2443 2618 -
2462 2626 2465 2629 ,

563 2641 703 2667 distabuit
713 2639 779 2665 8¹⁸
797 2654 830 2660 —
849 2640 875 2666 6.
894 2640 1076 2674 putrescendi
1093 2640 1120 2664 B
1137 2653 1148 2658 -
1167 2639 1216 2672 ad]
1235 2642 1284 2665 aut
1302 2641 1328 2664 B
1341 2655 1373 2659 —
1389 2647 1413 2674 7.
1432 2642 1558 2675 precepti
1576 2641 1603 2666 B
1622 2655 1655 2660 —
1675 2640 1700 2666 8.
1713 2641 1856 2666 innobilis
1874 2641 1918 2670 B,-
1937 2641 2077 2674 ignobilis
2095 2639 2140 2664 B’
2159 2654 2191 2660 —
2213 2646 2254 2666 ιο.
2271 2639 2354 2665 itane
2371 2639 2414 2667 Β,·
2463 2665 2465 2668 ,

562 2683 662 2709 ltaliae
673 2681 718 2707 Β2
731 2696 742 2702 -
756 2681 910 2718 continge?
919 2684 946 2708 B
958 2697 969 2702 -
983 2690 1041 2715 quo
1053 2682 1131 2715 casu]
1144 2690 1201 2714 quo
1214 2683 1305 2707 iaesar
1317 2683 1361 2711 Β,·
1374 2691 1430 2715 quo
1444 2691 1539 2708 caesar
1551 2683 1577 2707 B
1587 2683 1616 2700 ¹⁸
1629 2697 1662 2702 —-
1678 2689 1719 2708 12.
1737 2683 1860 2708 herculis
1873 2683 1900 2707 B
1906 2692 1918 2711 ,-
1929 2682 2073 2708 herculius
2085 2681 2127 2706 B¹
2136 2679 2148 2697 ὓ
2161 2695 2172 2700 -
2190 2680 2368 2716 peius-inme
2379 2693 2414 2700 —

564 2732 605 2758 13.
623 2725 692 2750 urbe
710 2725 736 2749 B
754 2738 765 2744 -
784 2725 932 2759 villa1via
944 2727 970 2750 B
988 2738 1000 2744 -
1018 2724 1206 2750 trincensimo
1226 2724 1252 2748 B
1269 2737 1280 2743 -
1299 2725 1444 2750 custodire
1457 2726 1483 2749 B
1497 2739 1528 2743 -
1546 2733 1587 2758 15.
1606 2725 1715 2758 galleni
1734 2725 1761 2748 B
1779 2738 1813 2743 —
1834 2724 1875 2750 16.
1895 2725 2028 2750 faciendo
2047 2724 2073 2748 B
2092 2737 2125 2742 —
2147 2722 2188 2749 18.
2205 2730 2314 2749 verona
2336 2722 2364 2747 B
2381 2736 2414 2742 —-
2436 2735 2447 2747 ,·

563 2775 605 2801 19.
623 2774 735 2800 egresus
754 2768 780 2791 B
792 2781 803 2786 -
815 2776 929 2802 supram
948 2768 975 2792 B
988 2780 1022 2786 -
1035 2773 1078 2792 20.
1097 2767 1212 2792 vinctus
1229 2766 1256 2790 B
1274 2780 1284 2785 -
1298 2767 1392 2800 fugati
1410 2768 1437 2791 B
1443 2777 1454 2795 ,-
1473 2768 1581 2800 fugatis
1600 2766 1642 2791 B¹
1653 2769 1666 2782 ⁸
1685 2780 1695 2785 -
1714 2769 1841 2792 arcentes
1854 2767 1881 2791 B
1893 2780 1926 2785 —
1940 2773 1983 2792 21.
1996 2766 2178 2800 pricipitatus
2189 2765 2216 2790 B
2233 2778 2244 2785 -
2263 2764 2413 2791 fluvioB·
2460 2780 2461 2783 =

562 2810 653 2843 capud
672 2810 698 2833 B
716 2823 750 2828 ——-
770 2816 812 2835 22.
830 2811 927 2836 urbem
944 2811 988 2838 Β,·
1007 2810 1075 2834 urbe
1093 2807 1138 2833 B³
1157 2822 1168 2827 -
1187 2816 1283 2842 syrum
1302 2810 1328 2832 B
1347 2823 1379 2827 —
1401 2816 1443 2842 23.
1462 2808 1519 2842 [V1]
1538 2817 1588 2834 om.
1601 2810 1628 2833 B
1646 2822 1679 2827 —
1700 2815 1742 2842 24.
1761 2809 1841 2834 datia
1854 2809 1880 2833 B
1898 2822 1909 2827 -
1928 2809 2065 2842 orriginis
2078 2808 2105 2832 B
2123 2821 2158 2826 —
2176 2806 2413 2841 25.'adverso,B,·
2440 2804 2447 2835 ¹,
2463 2815 2465 2817 ·

561 2853 709 2877 adversum
727 2850 771 2876 B²
785 2866 818 2871 —
832 2853 874 2878 26.
886 2853 1021 2886 adiungit
1034 2853 1060 2876 Β
1066 2862 1078 2881 ,·
1097 2852 1217 2885 adlungi
1235 2850 1280 2875 Βῑἰ
1298 2865 1309 2871 -
1327 2858 1427 2877 sorore
1444 2853 1470 2876 B
1491 2866 1522 2870 —-
1543 2851 1633 2884 27-28.
1652 2852 1800 2877 Licinium
1819 2852 1855 2876 ad
1873 2851 2019 2886 ylliricum
2038 2858 2180 2876 reversum
2192 2850 2219 2875 Β
2237 2863 2270 2868 -
2289 2855 2333 2883 29.
2345 2847 2413 2874 mhi

561 2895 606 2923 B,-
624 2895 703 2919 misit
716 2893 760 2918 82
775 2908 784 2913 -
796 2895 930 2920 basianus
943 2895 970 2919 Β
983 2909 1015 2913 -
1030 2901 1121 2928 29-30.
1140 2894 1311 2919 anestasiam
1323 2894 1350 2918 Β
1368 2907 1401 2912 -
1421 2900 1464 2927 30.
1483 2894 1653 2919 diocliciani
1672 2896 1700 2918 et
1718 2894 1889 2919 maximiani
1906 2894 1983 2919 inter
2002 2893 2217 2918 constantinum
2235 2891 2367 2917 nennium
2384 2891 2413 2916 et
2432 2910 2434 2914 .
2461 2909 2464 2913 .

560 2937 709 2962 basianum
722 2937 806 2962 ltalia
815 2937 841 2961 B
853 2951 886 2956 —-
900 2945 943 2971 31.
956 2938 1098 2962 frustante
1110 2936 1137 2960 B
1154 2949 1165 2955 -
1184 2937 1357 2961 senitionem
1370 2937 1397 2960 B
1409 2949 1419 2955 -
1432 2937 1545 2961 basiani
1557 2936 1584 2959 Β
1596 2949 1607 2954 -
1620 2937 1719 2961 vicino
1732 2936 1759 2960 Β
1771 2949 1804 2954 -
1819 2942 1862 2968 3²·
1875 2936 2062 2962 constantino
2074 2935 2119 2964 Β,·
2137 2934 2354 2960 constanssnum
2365 2931 2411 2958 Β*
2433 2958 2436 2961 ,

562 2993 574 2999 -
591 2979 740 3004 basianum
759 2979 785 3002 Β
790 2989 802 3008 ,·
819 2980 953 3005 basianus
972 2977 1034 3003 3¹¹·
1055 2993 1085 2998 —
1107 2986 1149 3012 33.
1169 2979 1289 3004 sinicius
1307 2979 1334 3003 Β
1345 2993 1378 2998 -
1393 2987 1435 3012 34.
1455 2979 1531 3004 sacta
1542 2979 1569 3002 B
1587 2991 1598 2997 -
1620 2985 1768 3003 aemonam
1781 2979 1808 3002 Β
1827 2991 1858 2997 -
1880 2985 1971 3012 34-35.
1984 2978 2124 3011 imagines
2137 2978 2231 3002 tatus:
2249 2983 2322 3009 quae
2338 2975 2366 3000 Β
2378 2989 2411 2995 --
2432 2984 2442 2987 ·

563 3021 652 3056 35-36.
673 3021 819 3047 nibaiense
836 3022 863 3046 B
875 3036 907 3041 -
922 3021 965 3056 36.
984 3029 1098 3056 campus
1117 3022 1160 3050 B,-
1179 3028 1307 3056 campum
1325 3019 1369 3045 B³
1383 3034 1394 3040 -
1407 3022 1562 3046 exercitum
1580 3021 1606 3044 B
1619 3033 1629 3039 -
1643 3020 1725 3045 milia
1743 3028 1792 3048 om.
1810 3020 1837 3045 B
1850 3033 1860 3038 -
1880 3020 2025 3053 aequitum
2042 3020 2069 3044 Β
2081 3033 2092 3038 -
2106 3019 2192 3044 fuerit
2209 3017 2236 3043 B
2436 3019 2443 3027 '¹
