2476 3516
820 772 1279 809 THEODERICIANA

1039 1059 1067 1092 1.

217 1181 246 1214 l.
269 1200 311 1205 —-
335 1179 418 1223 [36].
441 1180 550 1224 Igitur
572 1180 763 1222 imperante
787 1179 928 1212 Zenone
952 1177 1108 1222 Augusto
1132 1176 1440 1219 Constantinopoli,
1455 1174 1703 1218 superveniens
1726 1173 1848 1216 Nepos
1871 1172 1976 1215 patri-

48 1279 49 1282 Ἴ
123 1234 198 1268 cius
219 1233 266 1267 ad
288 1240 424 1277 portum
448 1233 542 1266 urbis
566 1233 700 1265 Romae
725 1232 886 1275 deposuit
908 1230 953 1265 de
977 1231 1122 1274 imperio
1144 1230 1346 1274 Glycerium
1370 1235 1405 1263 et
1428 1229 1542 1263 factus
1565 1234 1617 1262 est
1640 1228 1824 1271 episcopus
1847 1232 1882 1259 et
1905 1225 1977 1258 Ne-

43 1314 48 1330 3
82 1286 103 1320 5
125 1297 189 1331 pos
212 1287 325 1321 factus
347 1287 535 1330 imperator
557 1286 703 1319 Romae.

214 1385 245 1417 2.
268 1403 310 1408 ——
334 1394 413 1417 mox
436 1383 579 1416 veniens
602 1383 824 1420 Ravennam3
848 1393 951 1426 quem
974 1391 1186 1425 persequens
1209 1381 1350 1414 Orestes
1373 1380 1538 1423 patricius
1561 1389 1640 1412 cum
1663 1378 1828 1411 exercitu.

130 1534 133 1542 Ι
214 1492 246 1524 3.
269 1509 311 1514 -
335 1490 496 1524 Metuens
518 1489 639 1532 Nepos
661 1488 848 1523 adventum
874 1488 1017 1526 Orestis,
1043 1486 1237 1522 ascendens
1260 1497 1394 1524 navem,
1417 1486 1536 1530 fugam
1566 1484 1666 1527 petiit
1688 1483 1734 1517 ad
1756 1482 1919 1516 Salonam
1943 1488 1978 1515 et

126 1544 174 1578 ibi
197 1544 321 1578 mansit
342 1554 406 1587 per
428 1554 537 1576 annos
559 1543 729 1587 quinque:
753 1548 874 1586 postea
897 1552 980 1575 vero
1003 1552 1025 1574 a
1047 1541 1117 1574 suis
1140 1539 1320 1574 occiditur.
1364 1539 1449 1572 Mox
1472 1549 1515 1571 eo
1539 1548 1680 1583 egresso
1704 1537 1818 1570 factus
1841 1541 1893 1569 est
1915 1536 1977 1568 im-

126 1603 266 1641 perator
287 1596 510 1642 Augustulus.
555 1595 768 1640 Augustulus
790 1595 973 1638 imperavit
994 1605 1103 1628 annos
1125 1603 1160 1626 x.

42 1730 43 1734 ,
64 1703 105 1737 10
215 1703 246 1736 4.
270 1722 311 1727 —
336 1702 419 1746 [37].
442 1701 665 1747 Augustulus,
688 1702 747 1746 qui
771 1707 851 1735 ante
874 1711 1020 1745 regnum
1043 1700 1212 1734 Romulus
1234 1710 1255 1732 a
1278 1698 1478 1743 parentibus
1501 1697 1700 1736 vocabatur,
1723 1708 1744 1730 a
1767 1703 1865 1740 patre
1889 1696 1976 1730 Ore-

125 1763 177 1791 ste
192 1756 339 1800 patricio
362 1756 476 1789 factus
498 1762 551 1790 est
573 1756 771 1798 imperator.
814 1753 1072 1798 Superveniens
1095 1759 1209 1787 autem
1232 1753 1395 1787 Odoacar
1418 1763 1496 1786 cum
1519 1757 1624 1796 gente
1647 1750 1823 1784 Scirorum
1846 1749 1976 1783 occidit

125 1810 284 1844 Orestem
299 1810 481 1853 patricium
503 1810 540 1842 in
562 1809 743 1842 Placentia
766 1814 801 1842 et
825 1809 968 1842 fratrem
992 1808 1065 1841 eius
1088 1807 1233 1840 Paulum
1248 1806 1294 1840 ad
1317 1806 1475 1840 Pinetam
1491 1806 1576 1839 foris
1595 1804 1750 1838 Classem
1772 1804 1976 1837 Ravennae.

127 1863 208 1907 [38].
223 1863 428 1908 Ingrediens
450 1869 565 1897 autem
587 1863 793 1895 Ravennam
824 1862 984 1904 deposuit
1014 1861 1243 1906 Augustulum
1266 1860 1311 1894 de
1341 1870 1461 1904 regno,
1492 1860 1589 1892 cuius
1619 1858 1787 1891 infantiae
1818 1858 1976 1890 misertus

43 1957 44 1960 Ἴ
126 1918 297 1951 concessit
319 1918 352 1950 ei
375 1917 577 1961 sanguinem
600 1922 635 1949 et
657 1917 739 1960 quia
762 1916 908 1958 pulcher
924 1921 1008 1954 erat,
1024 1914 1167 1948 donavit
1190 1915 1222 1947 ei
1245 1920 1282 1947 ut
1305 1913 1458 1947 creditor
1473 1924 1534 1946 sex
1549 1913 1642 1945 milia
1665 1911 1794 1945 solidos
1810 1911 1869 1954 [et]
1885 1911 1977 1944 misit

45 1972 47 1975 ’
64 1970 103 2004 15
127 1981 205 2004 eum
226 1970 317 2004 intra
338 1969 563 2013 Campaniam
586 1980 665 2003 cum
687 1968 888 2012 parentibus
911 1969 981 2002 suis
1005 1968 1114 2002 libere
1130 1968 1259 2001 vivere.
1305 1967 1442 2000 Etenim
1465 1972 1565 2010 pater
1588 1966 1661 1999 eius
1684 1965 1826 1998 Orestes
1841 1964 1977 1997 Panno-

126 2024 213 2071 nius,
236 2024 294 2068 qui
319 2034 361 2057 eo
391 2029 558 2066 tempore,
581 2022 721 2067 quando
744 2022 854 2056 Attila
884 2021 930 2055 ad
953 2021 1087 2055 Italiam
1114 2021 1219 2059 venit,
1242 2031 1279 2053 se
1302 2020 1351 2052 illi
1384 2020 1493 2053 iunkit
1520 2025 1555 2053 et
1578 2019 1651 2052 eius
1681 2018 1833 2052 notarius
1863 2018 1976 2051 factus

126 2078 251 2116 fuerat,
273 2076 366 2111 unde
389 2077 541 2120 profecit
564 2082 599 2110 et
620 2087 730 2120 usque
753 2075 799 2109 ad
822 2075 1023 2119 patriciatus
1045 2074 1249 2119 dignitatem
1272 2079 1490 2117 pervenerat.

214 2182 246 2216 5.
261 2202 303 2208 -
320 2183 402 2226 [39].
425 2182 520 2227 Ergo
535 2188 718 2226 postquam
741 2182 854 2216 factus
877 2187 930 2215 est
952 2182 1139 2225 imperator
1153 2181 1250 2214 Zeno
1265 2191 1287 2213 a
1301 2180 1372 2213 filio
1387 2190 1450 2213 suo
1465 2179 1596 2218 Leone,
1611 2179 1670 2223 qui
1686 2184 1786 2212 natus
1802 2179 1916 2212 fuerat
1931 2179 1977 2212 de

127 2237 198 2270 filia
219 2236 347 2270 Leonis
362 2236 516 2281 Ariagne
540 2237 689 2275 nomine,
705 2242 828 2280 regnat
843 2246 922 2269 cum
937 2235 1008 2269 filio
1032 2246 1093 2268 suo
1115 2245 1207 2268 anno
1222 2245 1291 2268 uno
1308 2241 1343 2268 et
1365 2234 1487 2267 merito
1502 2233 1631 2266 Leonis
1654 2244 1798 2278 regnum
1814 2233 1977 2266 remansit

38 2291 105 2323 120
126 2289 220 2334 apud
242 2290 428 2324 Zenonem.
473 2290 569 2323 Zeno
592 2300 686 2328 vero,
707 2300 785 2323 cum
808 2289 879 2322 filio
894 2289 963 2321 iam
985 2299 1135 2333 regnans
1158 2299 1249 2321 anno
1271 2299 1350 2327 uno,
1373 2287 1555 2331 imperavit
1576 2297 1685 2320 annos
1707 2297 1802 2325 xun,
1825 2286 1977 2319 Isauriae

34 2346 36 2348 ’
127 2343 366 2382 nobilissimus,
379 2344 438 2387 qui
454 2342 581 2388 dignus
596 2349 687 2376 esset
702 2342 808 2375 filiam
831 2342 1047 2385 imperatoris
1062 2342 1236 2384 accipere,
1251 2341 1422 2375 exercitus
1437 2341 1474 2374 in
1496 2351 1591 2373 arma
1615 2341 1694 2383 [4o].
1725 2339 1916 2373 Perhibent
1931 2339 1976 2372 de

128 2406 181 2435 eo,
196 2396 278 2440 quia
291 2396 438 2439 patellas
452 2396 490 2428 in
503 2395 677 2440 genucula
692 2404 762 2428 non
785 2394 970 2433 habuisset,
986 2393 1049 2427 sed
1064 2394 1209 2427 mobiles
1224 2394 1380 2432 fuissent,
1394 2399 1433 2427 ut
1447 2393 1550 2427 etiam
1573 2403 1710 2426 cursum
1725 2393 1977 2426 velocissimum

127 2449 218 2484 ultra
232 2448 371 2483 modum
394 2449 568 2482 hominum
584 2447 739 2481 haberet.
783 2447 826 2480 In
847 2458 886 2480 re
910 2447 1050 2491 publica
1072 2447 1210 2481 omnino
1233 2447 1552 2492 providentissimus
1575 2447 1698 2480 favens
1720 2447 1816 2491 genti
1839 2457 1933 2479 suae.

217 2555 248 2588 6.
270 2573 312 2579 —
337 2555 414 2598 [4t].
437 2554 529 2588 Huic
559 2553 787 2588 insidiabatur
815 2553 1003 2588 Basiliscus
1031 2554 1118 2597 ipse,
1149 2554 1277 2597 primus
1307 2559 1462 2587 senator:
1497 2563 1566 2597 quo
1598 2553 1738 2598 cognito
1773 2552 1869 2586 Zeno
1899 2563 1977 2586 cum

219 2687 243 2706 ι.
259 2680 332 2707 Item
349 2688 386 2706 ex
404 2681 487 2707 llbrls
506 2681 575 2706 chro
592 2679 598 2713 Ι
614 2680 745 2706 nlcorum
757 2680 833 2705 Inter
845 2680 938 2705 cetera
957 2679 1002 2708 Β,·
1020 2679 1063 2705 De
1081 2679 1208 2705 adventu
1225 2679 1368 2705 odunchar
1387 2679 1461 2713 regis
1480 2687 1612 2714 eyn-orum
1628 2679 1633 2712 Ι
1648 2681 1677 2705 et
1689 2679 1834 2705 erulorum
1847 2679 1879 2704 ln
1892 2679 1977 2705 stalla

128 2724 157 2748 et
175 2723 321 2756 quomodo
340 2730 390 2749 rex
405 2722 410 2755 Ι
425 2723 606 2748 Ηωοάοτίοιιε
624 2729 689 2748 eum
717 2721 806 2747 fuerit
832 2723 993 2756 persecutus
1010 2722 1040 2747 P
1055 2735 1088 2740 —
1109 2729 1134 2756 3.
1162 2722 1441 2756 constantinopolim
1469 2723 1534 2748 BP
1548 2735 1561 2741 -
1580 2726 1669 2756 nepus
1687 2722 1714 2746 B
1736 2736 1769 2741 —
1788 2729 1814 2755 4.
1839 2728 1917 2747 rome
1934 2722 1961 2746 B
1967 2731 1978 2750 ,-

128 2771 225 2790 romae
241 2762 287 2789 8¹
296 2765 325 2790 P
341 2778 352 2784 -
369 2765 519 2799 glicerlum
530 2765 560 2790 P
575 2778 608 2783 —
627 2769 683 2798 4-5.
697 2771 785 2797 nepus
797 2764 824 2788 Β
837 2777 869 2782 —-
884 2770 908 2797 5.
921 2770 1000 2790 rome
1012 2764 1039 2789 B
1049 2765 1092 2793 P:
1111 2771 1207 2790 romae
1219 2762 1264 2789 3²
1277 2778 1310 2783 —-
1323 2763 1349 2789 6.
1367 2764 1485 2789 venlens
1497 2764 1573 2795 ΒΡς
1597 2765 1679 2790 venit
1691 2761 1734 2790 1²¹
1754 2777 1766 2783 -
1784 2764 1887 2789 orestis
1899 2764 1926 2788 B
1935 2764 1978 2792 P,-

130 2807 236 2832 orente·
255 2804 300 2832 P¹
318 2821 352 2827 —
371 2812 396 2840 7.
415 2813 503 2841 nepus
521 2807 548 2831 B
566 2820 577 2826 -
597 2807 694 2831 navim
712 2806 741 2831 P
757 2818 769 2825 -
787 2805 861 2840 petit
878 2805 905 2830 B
923 2819 956 2824 —
975 2805 1002 2832 8.
1020 2807 1062 2832 est
1089 2813 1140 2832 out.
1157 2806 1184 2831 B
1201 2820 1234 2825 —
1253 2814 1279 2840 9.
1307 2813 1400 2831 annos
1418 2804 1516 2835 3²1²,-
1543 2813 1592 2832 σπι.
1611 2807 1638 2831 Β
1656 2819 1688 2825 —-
1719 2813 1761 2832 10.
1789 2813 1878 2840 regno
1896 2806 1922 2830 Β
1944 2821 1976 2825 -

85 2854 99 2881 5
131 2854 173 2874 u.
190 2854 274 2882 super
290 2849 452 2874 venlentem
465 2848 636 2874 oduvacrem
648 2847 675 2872 B
681 2857 692 2877 ‚-
711 2848 862 2873 oduacrem
879 2845 940 2879 8²3
959 2847 1103 2873 odoachar
1114 2848 1143 2873 P
1157 2861 1168 2867 -
1186 2856 1317 2882 cyrorum
1330 2849 1394 2874 BP
1410 2862 1442 2868 —
1465 2855 1506 2873 12.
1525 2848 1697 2882 placentiam
1715 2849 1760 2877 Β,·
1779 2848 1922 2882 placentia
1934 2847 1978 2873 8³

130 2902 142 2909 ·
159 2891 261 2924 peneta
278 2890 323 2919 Β,·
341 2891 439 2925 pineta
457 2888 502 2915 B*
520 2904 554 2909 —
575 2897 660 2924 ¹4·1³·
677 2897 718 2923 14,
733 2890 752 2915 l.
773 2895 814 2916 12.
833 2891 861 2915 et
879 2891 1007 2923 quim...
1026 2890 1142 2915 suerunt
1160 2898 1210 2916 om.
1227 2890 1272 2920 P,-
1290 2893 1326 2922 -ξ-
1344 2888 1388 2915 Βῑ
1406 2904 1438 2909 -
1460 2898 1501 2924 14.
1513 2891 1541 2916 el
1559 2892 1592 2916 ut
1609 2898 1703 2925 cong-..-
1720 2892 1749 2916 et
1767 2891 1793 2915 B
1810 2904 1822 2910 -
1841 2892 1869 2916 et
1886 2898 1977 2924 cong..-

130 2939 180 2957 σοι.
198 2932 225 2956 Β
243 2945 276 2951 --
297 2938 339 2965 ¹5·
357 2933 508 2967 cnmpsnla
525 2933 552 2957 B
570 2946 581 2951 -
599 2933 676 2958 enlm
694 2932 738 2961 Β,·
761 2932 868 2958 etemln
886 2930 932 2957 B*
951 2945 962 2951 -
980 2933 1069 2958 oresti
1087 2934 1233 2967 pannotos
1251 2933 1278 2958 Β
1295 2946 1328 2951 -
1358 2932 1399 2959 16.
1418 2933 1532 2958 iuncxlt
1549 2933 1576 2957 Β
1593 2948 1626 2952 -
1654 2940 1695 2967 ¹⁷·
1713 2933 1827 2968 proficlt
1844 2934 1871 2957 B
1888 2946 1898 2951 -
1917 2941 1978 2967 per-

132 2980 167 2999 ve
182 2972 188 3006 Ι
203 2975 248 2999 nt
266 2974 293 2999 B
312 2987 346 2993 —
369 2973 410 3000 18.
428 2976 495 3008 post
513 2974 590 3007 quod
608 2974 635 2998 B
647 2987 680 2993 —
696 2981 737 3008 ¹9·
756 2974 818 3008 agri
837 2974 908 3000 sunl
925 2974 952 2998 B
970 2988 1003 2994 —
1024 2980 1066 3000 20.
1085 2981 1194 3000 zenone
1211 2975 1239 2999 B
1255 2987 1268 2995 ·
1285 2975 1482 3000 hlsaurlaenus
1496 2975 1523 3000 B
1535 2989 1567 2994 —
1587 2981 1631 3000 21.
1648 2975 1708 3000 fllia
1726 2975 1753 2999 B
1771 2988 1781 2994 -
1800 2976 1911 3000 exertus
1929 2975 1956 2999 B
1968 2987 1978 2993 -

131 3015 260 3049 pei-ibent
277 3016 304 3040 B
315 3029 349 3034 —
363 3021 406 3042 22.
419 3015 530 3042 nobile·
541 3016 569 3040 Β
580 3029 614 3035 -
627 3022 670 3042 ²2.
688 3022 771 3042 curso
783 3015 966 3042 veloci-nimo
978 3016 1006 3041 B
1017 3029 1052 3036 -
1065 3022 1107 3050 ²3·
1125 3015 1166 3050 re]
1186 3023 1216 3042 se
1233 3017 1276 3046 B,-
1296 3024 1325 3043 re
1342 3014 1387 3042 Βι
1405 3029 1418 3036 -
1434 3017 1529 3050 gentis
1540 3017 1568 3042 B
1584 3029 1597 3037 ·
1615 3024 1664 3043 sue
1681 3018 1726 3046 B.-
1744 3023 1810 3044 suae
1821 3014 1866 3042 B¹
