2476 3516
481 2766 494 2791 5

531 197 635 233 cxn
1104 197 1261 233 STUDI
1289 197 1479 234 CR1T101
1506 190 1858 235 PRELIMINARI

528 329 651 366 tudini
665 341 855 376 romanae;
883 330 945 375 111,
968 329 1035 365 43:
1065 329 1304 365 Delectamur
1320 329 1402 365 iure
1418 339 1572 366 romano
1596 329 1722 366 vivere
1738 342 1828 378 quos
1851 331 1967 368 armis
1985 333 2155 380 cupimus
2180 334 2404 382 vindicam,

528 398 597 443 IV,
626 399 695 433 42:
724 396 793 433 sed
813 408 889 443 nos,
916 396 983 444 qui
1007 396 1160 445 regulas
1186 397 1348 432 veterum
1373 406 1564 432 servamus
1577 392 1600 431 ¹.

614 464 678 500 Ho
705 464 767 511 gia
793 463 939 510 parlato
967 462 1027 499 dei
1054 461 1204 509 giuochi
1233 474 1253 498 e
1282 460 1380 498 della
1409 461 1672 498 distribuzione
1699 462 1954 511 dell’annona,
1973 465 2012 501 di
2031 466 2090 502 cui
2115 467 2144 502 si
2162 468 2242 503 tien
2258 460 2406 515 parola'

528 530 586 566 nel
616 542 697 577 cap.
733 527 790 575 17,
810 538 865 574 673
894 529 945 564 ivi
974 529 1004 564 si
1032 528 1135 576 parla
1164 529 1281 564 anche
1309 527 1370 564 del
1400 529 1554 566 ristauro
1583 529 1678 566 delle
1707 541 1812 566 mura
1839 531 1878 567 di
1905 533 2042 578 Roma,
2069 545 2136 580 per
2163 533 2197 570 le
2233 534 2332 583 quali
2359 535 2411 574 si;

526 608 699 645 veggano
726 597 761 632 le
790 597 935 642 Variae,
954 596 981 640 Ι,
1005 596 1051 631 21
1064 605 1075 641 ;
1104 596 1150 642 ΙΙ,
1173 596 1220 631 34
1233 607 1244 642 ;
1263 595 1325 640 ΙΠ,
1348 595 1410 642 30,
1432 596 1496 642 31,
1518 596 1566 633 53
1582 597 1606 634 ²,
1662 597 1737 633 Nel
1757 609 1838 645 cap.
1865 598 1922 645 18,
1942 608 1991 646 68,
2012 601 2032 636 ὲ
2054 601 2245 638 ricordato
2262 602 2288 637 il
2308 613 2388 638 ma-

527 664 702 700 trimonio
731 663 768 698 di
796 662 1042 699 Amalafreda
1066 674 1289 712 germanam
1315 674 1422 699 suam
1450 662 1509 698 col
1537 675 1576 699 re
1596 663 1658 699 dei
1677 664 1848 711 Vandali,
1878 665 1939 714 pel
1966 666 2074 716 quale
2101 668 2148 704 cf.
2176 668 2320 715 Variae,
2339 669 2389 716 V,
2407 695 2413 716 3

528 732 576 768 43
600 729 725 779 (quam
742 731 846 777 quod
854 741 1078 780 germanam
1097 730 1271 776 nostram,
1286 730 1440 779 generis
1460 729 1626 766 Hamali
1639 731 1835 781 singulare
1846 733 2099 781 praeconium,
2119 737 2278 772 vestrum
2286 735 2390 785 seci·
2409 718 2412 723 Δ
2452 783 2453 786 ¹

526 810 605 834 mus
632 809 707 833 esse
725 797 978 846 coniugium);
998 796 1165 842 Liber-ic,
1194 796 1260 832 che
1289 796 1324 832 ci
1350 796 1528 832 richiama
1548 802 1793 836 esattamente
1811 799 1882 835 alle
1911 800 2055 847 Variae,
2074 801 2118 847 ΙΙ,
2146 802 2204 850 10,
2224 813 2245 837 e
2262 802 2330 848 XI,
2355 802 2388 839 1.
2452 812 2454 843 1

614 865 672 901 La
695 864 734 899 Τ
730 864 843 910 Ιιεοαζ,
864 864 922 909 19,
939 871 985 907 70,
1005 863 1036 898 si
1064 862 1197 898 chiude
1218 874 1291 899 con
1309 868 1439 911 questa
1465 863 1580 899 breve
1599 865 1878 901 osservazione:
1898 868 1934 902 et
1949 867 2004 902 sic
2019 867 2095 903 sibi
2105 871 2179 915 per
2196 867 2390 907 circuitum

520 932 694 978 placavit
718 942 839 967 omnes
862 933 1012 980 ,ξυνήθη
1040 942 1106 965 ora
1133 929 1231 966 nella
1268 930 1383 966 Varia
1408 930 1453 976 11,
1490 930 1548 975 16,
1577 942 1649 967 ove
1677 931 1707 967 si
1736 931 1838 979 parla
1867 932 1928 969 del
1955 933 2081 971 valore
2110 934 2178 972 che
2215 935 2392 972 doveano

523 998 729 1048 acquistare
759 997 818 1033 nei
847 997 1011 1044 rapporti
1039 996 1092 1032 fra
1119 996 1171 1044 gli
1198 996 1285 1033 stati
1313 997 1433 1046 questi
1452 997 1676 1044 matrimoni,
1696 999 1726 1034 si
1754 999 1881 1047 legge:
1911 999 2000 1038 Ideo
2018 1000 2115 1038 inter
2134 1013 2242 1052 reges
2267 1003 2390 1051 affini-

524 1065 654 1101 nitatis
680 1065 766 1101 iura
793 1064 923 1100 divina
951 1064 1149 1100 coalescere
1185 1063 1391 1110 voluerunt,
1420 1065 1462 1099 ut
1486 1068 1557 1111 per
1584 1076 1708 1101 eorum
1735 1066 1962 1113 placabilem
1997 1068 2164 1104 animum
2192 1069 2392 1115 poevem'at

525 1133 627 1180 quies
652 1133 779 1179 optata
802 1131 1045 1178 populorum.

610 1199 639 1235 Il
669 1199 791 1246 primo
819 1198 1045 1234 frammento
1071 1196 1169 1234 della
1202 1198 1240 1232 Τ
1235 1197 1350 1244 head„
1380 1200 1442 1243 22,
1467 1207 1570 1238 72-73:
1598 1201 1681 1235 erat
1705 1199 1802 1236 em‘m
1828 1203 1972 1237 amator
1987 1202 2234 1251 fabricarum
2259 1204 2327 1239 etc.
2354 1203 2388 1239 ci
2427 1243 2428 1246 Ἰ

522 1266 697 1303 richiarna
723 1265 795 1301 alla
823 1264 936 1301 Varia
963 1264 1008 1311 11,
1042 1264 1073 1304 7.
1129 1265 1252 1312 Segue
1281 1265 1317 1300 la
1345 1265 1482 1301 notizia
1515 1264 1576 1301 del
1606 1267 1761 1302 ristauro
1789 1266 2112 1317 dell’acquedotto
2139 1267 2176 1304 di
2203 1269 2388 1307 Ravenna

523 1333 559 1382 (e
580 1333 617 1369 di
636 1344 764 1369 nuovo
792 1345 841 1368 un
859 1343 1028 1369 accenno
1057 1343 1078 1367 a
1097 1332 1298 1380 Traiano):
1329 1332 1377 1368 cf.
1407 1343 1472 1379 per
1499 1338 1630 1382 questo
1648 1334 1677 1379 1,
1700 1334 1735 1378 6,
1758 1333 1829 1379 253
1858 1334 1907 1380 V,
1935 1335 2005 1380 383
2032 1335 2097 1382 poi
2125 1333 2386 1372 dell’erezione
2425 1345 2428 1347 ’
2458 1321 2460 1324 ’

524 1400 585 1436 del
608 1399 808 1448 palatium,
837 1411 904 1446 per
932 1400 991 1435 cui
1020 1400 1066 1435 cf.
1085 1399 1147 1444 ΠΙ,
1171 1399 1205 1444 8,
1228 1399 1263 1444 9,
1284 1411 1304 1435 e
1333 1399 1510 1435 continua
1538 1411 1612 1435 con
1639 1399 1948 1437 l'enumerazione
1968 1400 2006 1436 di
2032 1402 2184 1438 raetauri
2203 1401 2241 1438 di
2269 1404 2383 1450 opere

522 1467 720 1515 pubbliche
742 1467 836 1503 nelle
864 1465 1008 1502 diverse
1038 1466 1137 1512 eitth,
1168 1465 1206 1502 di
1234 1467 1294 1502 cui
1322 1466 1420 1502 nelle
1450 1466 1582 1502 Variae
1609 1467 1637 1503 si
1664 1467 1788 1503 hanno
1806 1468 1835 1503 si
1853 1478 1944 1515 gran
1970 1479 2126 1504 numero
2144 1467 2183 1504 di
2201 1469 2342 1517 enempi
2355 1468 2381 1505 ⁸.

611 1535 707 1570 Faro
735 1545 873 1569 ancora
908 1534 1021 1581 pochi
1058 1533 1176 1569 n'lievi
1212 1534 1272 1580 pei
1312 1544 1419 1581 capp.
1450 1531 1512 1579 27,
1543 1543 1649 1574 72-73:
1677 1534 1736 1570 nel
1775 1534 1897 1582 primo
1934 1534 1971 1571 di
2009 1535 2126 1585 questi
2163 1535 2218 1571 sta
2253 1533 2384 1573 Palu-o
2423 1579 2425 1584 y
2460 1547 2463 1591 ᾗ

523 1602 551 1637 si
580 1600 663 1638 dice
692 1601 760 1637 che
787 1600 1002 1636 Teoderico
1032 1600 1162 1637 alletto
1190 1600 1224 1635 le
1253 1600 1346 1637 altre
1374 1600 1489 1648 genti,
1518 1602 1560 1636 ut
1584 1613 1624 1636 se
1658 1601 1722 1637 illi
1745 1602 1811 1638 sub
1827 1602 1973 1651 foedus
1999 1602 2140 1649 chrm,
2169 1601 2208 1638 di
2234 1601 2295 1638 cui
2320 1602 2387 1638 ab·

525 1669 651 1704 biamo
678 1681 728 1704 un
756 1668 941 1716 singolare
971 1680 991 1703 e
1022 1668 1186 1704 calzante
1215 1668 1382 1715 esempio
1409 1667 1508 1704 nelle
1546 1667 1690 1714 Variae,
1719 1667 1768 1714 V,
1790 1669 1825 1713 2,
1845 1679 1913 1715 per
1939 1666 1991 1715 gli
2017 1668 2097 1704 Esti
2107 1663 2134 1704 ⁴.
2188 1668 2223 1705 E
2248 1668 2262 1704 i
2289 1680 2386 1705 mer-
2436 1676 2437 1679 ’

525 1737 624 1772 canti
653 1747 908 1772 accorrevano
936 1735 1122 1771 numerosi
1152 1734 1249 1770 dalle
1278 1734 1368 1771 altre
1396 1734 1603 1781 provincie,
1631 1734 1661 1770 si
1679 1734 1789 1782 legge
1816 1733 2150 1771 nell’Anonimo.
2205 1734 2246 1771 Si
2263 1743 2387 1784 vegga
2434 1757 2437 1759 ·
2462 1738 2465 1764 ³

524 1813 574 1837 un
601 1800 663 1849 po‘
693 1813 765 1837 con
793 1806 928 1849 quanta
957 1801 1129 1848 analogia
1158 1803 1178 1838 ὲ
1206 1806 1362 1838 trattato
1388 1801 1486 1838 nelle
1525 1801 1658 1837 Variae
1684 1807 1816 1850 questo
1845 1806 2083 1852 argomento:
2104 1813 2171 1849 per
2199 1813 2251 1840 es-
2279 1801 2309 1838 ai
2337 1803 2384 1838 cf.
2435 1850 2437 1852 Ι
2462 1819 2465 1832 2

523 1868 569 1913 11,
606 1868 669 1904 12:
699 1867 748 1904 Si
772 1868 961 1904 desideriis
988 1869 1125 1904 nostris
1152 1869 1369 1905 commercia
1390 1869 1599 1918 peregrina
1617 1868 1876 1917 fizmulantur,
1904 1867 1941 1903 si
1959 1869 2110 1915 prolato
2136 1879 2232 1905 auro
2253 1868 2387 1917 adqui-

523 1935 625 1970 ritur
648 1935 797 1971 externa
825 1934 976 1981 devotio,
1006 1937 1139 1983 quanto
1167 1935 1289 1984 magis
1316 1934 1394 1971 suis
1419 1934 1520 1971 bonis
1546 1935 1735 1972 abundare
1751 1934 1852 1971 debet
1868 1934 1985 1971 Italia
2003 1936 2084 1980 εἰει,-
2101 1934 2169 1981 IV,
2195 1934 2259 1972 19:
2287 1933 2387 1980 ‚Quis

525 2002 620 2036 enim
646 2001 702 2036 ad
722 2001 946 2038 vendendum
975 2012 1047 2038 non
1073 2002 1246 2039 incitetur
1265 2002 1428 2052 largius,
1448 2002 1512 2038 cui
1526 2001 1635 2038 solita
1657 2001 1851 2048 dispendia
1868 2001 2160 2038 subtrahuntur?
2171 2003 2387 2051 potiusno-
2421 1993 2440 1997 ’

522 2073 616 2105 stros
643 2068 750 2104 navis
776 2068 923 2104 veniens
949 2081 1023 2105 non
1045 2071 1235 2116 pavescat,
1255 2062 1297 2105 ἀί
1322 2070 1460 2105 certum
1487 2068 1611 2105 nautis
1633 2068 1756 2114 possit
1780 2080 1855 2105 esse
1880 2068 2088 2118 refugium,
2105 2068 2145 2105 si
2164 2080 2296 2106 manue
2311 2080 2386 2107 non

523 2135 754 2171 incursarint
778 2135 1014 2185 exigentium,
1035 2148 1124 2183 quos
1140 2136 1368 2185 frequenter
1390 2135 1483 2181 plus
1500 2135 1680 2184 affligunt
1696 2135 1844 2181 damna,
1863 2147 1970 2183 quam
1997 2135 2117 2172 solent
2132 2135 2278 2172 nudare
2292 2147 2385 2172 naw-

512 2201 658 2251 fragia
684 2204 750 2237 etc.
766 2201 792 2236 ⁵.
849 2202 918 2238 Cib
938 2203 1002 2249 poi
1023 2203 1090 2239 che
1118 2202 1381 2239 l'Anonimo
1408 2202 1446 2237 in
1466 2202 1587 2238 forma
1606 2202 1783 2250 alquanto
1801 2201 2007 2249 iperbolica
2025 2202 2191 2238 riferisce
2209 2201 2384 2251 riguardo
2440 2195 2441 2198 ¹

522 2268 595 2304 alle
617 2275 724 2316 porte
743 2267 840 2305 della
860 2269 949 2305 citta
969 2269 1067 2305 nella
1090 2269 1239 2315 Theocl,
1262 2271 1324 2314 22,
1346 2277 1391 2315 73,
1411 2269 1459 2304 ha
1477 2269 1632 2318 qualche
1652 2279 1740 2304 cosa
1759 2269 1828 2304 che
1846 2269 1982 2305 risente
2003 2268 2101 2304 della
2118 2268 2280 2305 formula
2297 2269 2384 2316 VII,

525 2336 593 2372 29:
623 2335 670 2370 de
696 2335 939 2371 custodiendis
962 2336 1085 2381 portis
1103 2336 1265 2372 civitatis
1277 2335 1303 2372 θ.

611 2402 680 2438 Pin
707 2401 800 2438 oltre
829 2414 905 2438 non
931 2403 961 2438 si
989 2404 1064 2449 pub
1094 2402 1230 2438 andare
1238 2404 1281 2448 ;i
1310 2414 1421 2450 capp.
1444 2403 1506 2448 23,
1537 2411 1780 2447 74-75-76-77-78,
1801 2414 1876 2438 non
1903 2401 2130 2450 riguardano
2157 2401 2182 2438 il
2209 2412 2326 2451 regno
2345 2401 2383 2439 di
2443 2386 2445 2388 .

616 2586 622 2603 ¹
644 2586 690 2612 Cs-
708 2587 797 2612 anche
815 2587 955 2617 Cmonm,
973 2587 1008 2611 Le
1033 2587 1148 2619 Vestigia
1166 2588 1224 2615 cit„
1243 2596 1270 2621 p.
1289 2594 1350 2620 925.
1569 2585 1580 2603 ⁵
1601 2586 1646 2612 Cf.
1667 2594 1773 2612 ancora
1797 2587 1904 2615 Variae,
1922 2586 1958 2617 11,
1978 2585 2020 2617 26,
2041 2593 2090 2619 303
2109 2586 2159 2618 1v,
2179 2592 2203 2619 5,
2221 2592 2266 2619 45.

612 2628 623 2645 ²
643 2629 781 2660 Cnmuax,
800 2629 835 2654 Le
860 2629 975 2662 Vestz'gia
993 2630 1050 2658 cil„
1070 2637 1097 2662 p.
1122 2636 1173 2662 9²5
1200 2637 1241 2662 sg.
1260 2630 1294 2654 ed
1319 2637 1425 2654 ancora
1569 2627 1580 2643 ὃ
1600 2629 1645 2654 Cf.
1671 2629 1777 2657 Variae,
1795 2628 1830 2658 Π,
1851 2628 1906 2662 7-8.
1923 2628 2104 2661 IlMartroye
2117 2628 2347 2660 (exciamem
2359 2627 2382 2651 le

529 2671 635 2700 Variae,
653 2672 674 2702 Ι,
695 2678 742 2696 20:
762 2672 784 2702 Ι,
804 2678 854 2701 υς
872 2671 894 2700 Ι,
914 2677 963 2703 253
982 2671 1004 2702 1,
1024 2679 1073 2704 333
1092 2672 1141 2701 1v,
1162 2678 1204 2704 ²9-
1240 2671 1293 2696 Per
1306 2672 1333 2695 le
1345 2679 1425 2696 mura
1476 2674 1680 2703 gouvernemmt
1696 2672 1741 2696 des
1762 2671 1869 2699 Gotkes,
1887 2671 1977 2700 Paris,
1998 2678 2076 2704 1904,
2095 2678 2122 2704 p.
2143 2670 2204 2703 106)
2223 2668 2285 2696 conl
2304 2677 2382 2696 com-
2450 2671 2452 2673 ’

522 2721 537 2738 e
555 2714 672 2739 cloache
690 2714 721 2739 dl
739 2714 832 2738 Roma
858 2713 964 2742 Variae,
982 2714 1017 2743 11,
1038 2721 1087 2746 34:
1106 2714 1155 2744 ΙΙΙ,
1177 2720 1220 2747 30,
1241 2721 1283 2746 31,
1304 2721 1346 2747 53.
1480 2715 1576 2738 menta
1589 2716 1690 2746 questo
1710 2720 1810 2746 passo:
1832 2713 1846 2727 ⁴‘
1857 2712 1933 2738 C’est
1952 2714 2018 2746 trop
2036 2713 2109 2738 beau
2122 2718 2195 2746 pour
2207 2711 2267 2738 Atre
2283 2719 2381 2746 croya-
2449 2718 2453 2734 f

612 2756 623 2773 ³
643 2755 689 2781 Cf.
714 2756 820 2784 Variae,
839 2755 861 2785 Ι,
882 2763 906 2788 7,
930 2762 968 2788 17,
990 2762 1033 2787 αι,
1054 2755 1102 2786 ²83
1121 2756 1157 2787 11,
1177 2763 1220 2789 35,
1240 2755 1282 2788 36,
1303 2761 1352 2788 373
1377 2755 1426 2786 111,
1479 2756 1547 2788 ble„
1560 2763 1621 2781 ene
1631 2757 1692 2780 trae
1703 2756 1731 2780 la
1742 2762 1937 2789 conseguenza
1947 2755 2203 2787 (fortunatamente
2212 2752 2382 2780 affidnndosi

522 2807 566 2832 44,
585 2798 629 2832 48,
648 2807 698 2832 493
717 2799 766 2830 IV,
786 2805 836 2832 ²4³
855 2799 890 2830 V,
909 2807 935 2832 9.
1481 2798 1537 2822 alle
1557 2798 1680 2823 ricerche
1694 2798 1739 2823 del
1759 2797 1930 2828 Dumoulin,
1949 2797 1980 2822 in
1999 2797 2126 2822 Revue
2150 2797 2382 2830 historique,

613 2839 624 2856 ⁴
650 2841 756 2870 Variae,
768 2841 790 2872 Ι,
803 2849 835 2874 4:
852 2841 926 2872 Quid
933 2842 1081 2873 provincie}
1093 2842 1226 2866 redditam
1244 2841 1426 2872 disciplinam,
1480 2841 1599 2874 giugno,
1615 2846 1692 2873 1902,
1707 2847 1734 2874 p.
1749 2846 1780 2865 22
1785 2840 1811 2873 5)
1832 2840 1882 2865 che
1900 2840 1981 2865 basta
2003 2841 2103 2871 questo
2143 2846 2173 2864 er
2192 2846 2313 2873 provere
2331 2839 2382 2864 che

523 2883 591 2915 quid
601 2883 701 2907 dimerso
711 2883 806 2914 generi
823 2882 960 2906 hominum
976 2883 1135 2907 monimenta
1148 2883 1266 2906 iustitiae
1278 2881 1373 2913 infusa
1386 2890 1426 2907 re·
1482 2882 1501 2906 l'
1509 2882 1536 2906 A
1544 2889 1562 2906 n
1572 2889 1590 2907 ο
1599 2889 1617 2906 n
1626 2882 1637 2907 1
1645 2890 1673 2906 m
1681 2889 1699 2907 ο
1719 2889 1778 2906 non
1792 2889 1839 2907 era
1852 2883 2103 2914 contemporaneo.
2164 2881 2290 2906 dnvvero
2303 2882 2382 2914 trop-

516 2923 663 2955 feramux?
681 2924 729 2955 (cf.
755 2924 860 2952 Variae,
879 2923 929 2954 1V,
950 2923 1009 2956 10>3
1033 2924 1141 2953 Variae,
1153 2924 1175 2955 Ι,
1194 2930 1245 2957 45:
1268 2923 1429 2956 Cognoscant
1482 2930 1520 2958 po
1540 2930 1623 2957 poco.
1642 2922 1689 2949 Cf.
1703 2930 1772 2957 pure
1791 2922 1931 2953 Gabotto,
1948 2925 1987 2955 op.
2006 2923 2063 2951 cit„
2082 2923 2136 2948 loc.
2151 2924 2209 2955 cit„
2227 2930 2255 2956 p.
2274 2920 2335 2957 382.

465 2982 497 3005 10
519 2970 571 2998 per
587 2968 612 2990 te
631 2969 753 2991 externae
769 2968 861 2999 gentes
879 2969 926 2994 etc.

2469 3495 2472 3507 -Ᾰ
2468 3468 2471 3474 -
2456 3277 2476 3442 -mwwfssfs
2452 3224 2476 3246 ἀ
2473 3119 2475 3121 ,
