2476 3516
261 578 340 602 Mun..
355 579 403 603 640,
415 578 447 599 lv

267 1970 343 1994 Μυιη

359 1971 406 1994 ωο,
425 1970 446 1991 V

507 222 551 257 16
1093 217 1398 254 ANONYMUS
1426 217 1766 254 VALESIANUS

500 296 516 302 .-
518 291 2334 303 ..............................................................................................................................................................................................................................
2335 297 2353 303 ..

497 353 668 387 exercitus
691 353 728 386 in
751 352 874 386 eadem
897 351 956 385 die
978 351 1073 383 iussu
1087 348 1302 383 Theoderici
1325 358 1444 382 omnes
1459 348 1637 382 interiecti
1660 354 1750 388 sunt,
1765 349 1878 393 quivis
1900 349 1960 383 ubi
1974 351 2086 394 potuit
2107 351 2355 394 reperiri,cum
2408 344 2411 347 ’
2435 375 2441 392 ,ι

499 407 590 441 omni
614 407 721 450 stirpe
744 417 816 439 sua.

588 514 638 546 14.
662 532 703 536 -
728 512 809 554 [57].
832 511 878 544 Et
900 511 1044 543 moritur
1066 508 1403 551 Constantinopolim
1426 507 1523 542 Zeno
1549 509 1737 552 imperator
1767 516 1802 543 et
1832 510 1946 543 factus
1969 517 2022 545 est
2047 511 2235 555 imperator
2261 512 2356 546 Ana-

497 567 619 600 stasius
632 565 650 598 '-
686 564 928 598 Theodericus
952 564 1055 602 enim,
1078 563 1137 606 qui
1168 563 1205 595 in
1234 562 1444 606 legationem
1467 561 1643 596 direxerat
1673 563 1838 597 Faustum
1867 563 2016 608 Nigrum
2040 565 2087 599 ad
2110 565 2300 605 Zenonem,
2321 573 2358 600 at

2414 527 2456 564 13

2408 561 2457 613 ⁷3-

495 620 553 653 ubi
577 620 717 664 cognita
739 625 849 651 morte
873 618 947 651 eius
969 623 1155 660 antequam
1179 616 1308 660 legatio
1335 622 1578 655 reverteretur,
1607 623 1645 650 ut
1675 617 1851 661 ingressus
1866 623 1919 651 est
1941 618 2146 652 Ravennam
2169 625 2205 653 et
2227 619 2357 655 occidit
2407 615 2410 617 ’
2448 618 2454 654 ἶ

496 673 703 712 Odoacrem,
734 672 840 706 Gothi
864 671 929 704 sibi
964 671 1255 704 confirmaverunt
1282 669 1543 703 Theodericum
1565 681 1685 715 regem
1716 681 1787 704 non
1817 678 2043 714 expectantes
2068 673 2252 707 iussionem
2275 674 2356 707 novi
2409 671 2419 705 j

499 737 746 823 Ρῃηῗὲᾞ.νίι·
769 780 860 813 enim
877 779 1167 816 bellicosissimus,
1191 778 1302 816 fortis,
1325 778 1423 812 cuius
1438 785 1548 821 pater,
1561 778 1730 812 Walamir
1746 778 1871 818 dictus,
1894 791 1956 812 rex
1972 779 2175 819 Gothorum,
2190 780 2356 814 naturalis

493 841 609 868 tamen
633 835 707 867 eius
730 835 814 868 fuit:
839 839 949 867 mater
971 832 1144 866 Ereriliva
1166 831 1272 871 dicta,
1287 831 1457 871 Gothica,
1473 833 1646 867 catholica
1669 833 1811 877 quidem
1827 840 1912 873 erat,
1927 845 2017 878 quae
2040 835 2078 867 in
2100 833 2271 878 baptismo
2285 833 2356 868 Eu·
2407 851 2417 871 :·

495 888 591 921 sebia
613 887 719 921 dicta.

584 941 665 984 [59].
681 941 776 986 Ergo
800 941 1000 984 praeclarus
1016 946 1051 975 et
1074 940 1188 974 bonae
1204 940 1389 974 voluntatis
1404 940 1441 973 in
1464 940 1623 974 omnibus
1642 947 1673 971 <
1689 941 1748 985 qui
1765 942 1924 986 regnavit
1938 952 2048 975 annos
2063 951 2181 974 moun
2196 949 2243 981 >‚
2256 942 2356 975 ‘cuim
2419 957 2420 960 “

499 995 710 1038 temporibus
735 996 885 1029 felicitas
908 1001 961 1029 est
983 1001 1104 1029 secuta
1119 995 1254 1028 Italiam
1277 1005 1340 1037 per
1363 1005 1472 1028 annos
1495 995 1637 1039 triginta
1659 996 1708 1029 ita
1730 1002 1768 1029 ut
1790 996 1894 1029 etiam
1918 1007 1987 1039 pax
2009 995 2236 1040 pergentibus
2253 1000 2356 1029 esset.

495 1047 573 1090 [6o].
589 1048 687 1081 Nihil
711 1050 803 1082 enim
826 1060 1010 1092 perperam
1033 1050 1152 1093 gessit.
1197 1047 1257 1082 Sic
1280 1048 1488 1093 gubernavit
1510 1048 1596 1082 duas
1619 1055 1743 1093 gentes
1764 1050 1801 1082 in
1823 1060 1893 1083 uno
1915 1050 2151 1083 Romanorum
2174 1055 2210 1083 et
2224 1048 2357 1083 Gotho-
2416 1083 2417 1086 ,

494 1113 585 1140 rum3
609 1101 691 1135 dum
714 1104 789 1146 ipse
813 1103 954 1146 quidem
977 1103 1149 1135 Arrianae
1174 1109 1291 1136 sectae
1314 1108 1416 1141 esset,
1440 1109 1556 1136 tamen
1580 1103 1812 1137 nihil,contra
1827 1103 2032 1147 religionem
2047 1103 2255 1137 catholicam
2269 1109 2356 1136 tem-

494 1161 611 1198 ptans;
636 1156 804 1190 exhibens
827 1156 928 1191 ludos
951 1157 1159 1190 circensium
1182 1162 1218 1190 et
1240 1156 1566 1199 amphitheatrum,
1588 1163 1626 1190 ut
1649 1157 1753 1190 etiam
1775 1168 1797 1189 a
1819 1157 1987 1190 Romanis
2010 1156 2183 1190 Traianus
2205 1157 2262 1190 vel
2283 1155 2356 1190 Va-

497 1209 715 1248 lentinianus,
738 1221 884 1253 quorum
906 1216 1064 1253 tempora
1088 1216 1239 1243 sectatus
1263 1215 1325 1248 est,
1349 1210 1585 1252 appellaretur
1609 1216 1644 1243 et
1666 1221 1688 1242 a
1710 1209 1834 1243 Gothis
1858 1209 2048 1243 seeundum
2072 1209 2224 1244 edIctum
2247 1219 2355 1248 sum,

492 1272 562 1305 quo
577 1263 630 1295 ius
653 1264 841 1302 constituit,
864 1275 926 1297 rex
950 1263 1156 1297 fortissimus
1179 1264 1215 1295 in
1238 1262 1396 1296 omnibus
1419 1262 1643 1296 iudicaretur.
1687 1262 1848 1297 Militiam
1871 1263 2040 1297 Romanis
2063 1264 2153 1298 sicut
2174 1265 2240 1296 sub
2262 1262 2356 1306 prin-

491 1316 588 1358 cipes
612 1328 688 1350 esse
711 1318 909 1360 praecepit3
933 1318 1063 1351 donum
1086 1323 1122 1351 et
1144 1327 1299 1350 annonas
1315 1317 1476 1361 largitus:
1500 1328 1708 1361 quamquam
1731 1317 1902 1350 aerarium
1926 1317 2103 1360 publicum
2126 1328 2170 1350 ex
2190 1322 2264 1350 toto
2280 1316 2355 1349 fae-

493 1380 596 1402 neum
620 1370 818 1410 invenisset‚
834 1382 896 1404 suo
912 1371 1032 1404 labore
1055 1371 1277 1414 recuperavit
1299 1377 1335 1403 et
1358 1371 1560 1413 opulentum
1582 1371 1679 1404 fecit.
1725 1370 1909 1413 [61].Dum
1924 1371 2132 1404 inlitteratus
2155 1376 2257 1408 esset,
2279 1375 2355 1406 tan-

490 1429 546 1456 tae
570 1424 762 1467 sapientiae
785 1425 861 1464 fuit,
877 1431 915 1459 ut
936 1425 1064 1468 aliqua,
1086 1435 1176 1468 quae
1200 1425 1334 1458 locutus
1358 1430 1420 1463 est,
1443 1424 1480 1456 in
1503 1424 1608 1468 vulgo
1622 1434 1732 1468 usque
1748 1435 1840 1457 nunc
1864 1435 1927 1466 pro
1950 1425 2121 1458 sententia
2144 1423 2353 1458 habeantur:

491 1476 585 1510 unde
609 1487 672 1511 nos
695 1488 766 1511 non
797 1479 894 1523 piget
915 1479 1033 1522 aliqua
1055 1477 1102 1511 de
1125 1477 1240 1511 multis
1264 1478 1338 1511 eius
1368 1478 1405 1510 in
1435 1478 1761 1511 commemoratione
1785 1478 1950 1520 posuisse.
1997 1477 2108 1511 Dixit:
2135 1476 2296 1510 ‘Aurum
2319 1481 2356 1510 ct

499 1531 514 1548 ‘⁴
527 1529 711 1564 demonem
726 1532 785 1575 qui
810 1532 917 1565 habet
939 1543 1010 1565 non
1034 1543 1112 1565 eum
1135 1537 1250 1574 potest
1272 1530 1489 1564 abscondere
1503 1556 1517 1572 ‚,
1534 1544 1542 1569 3
1566 1532 1665 1564 item:
1695 1533 1709 1550 “
1723 1531 1902 1565 Romanus
1917 1531 2021 1564 miser
2035 1531 2187 1564 imitatur
2201 1530 2354 1564 Gothum

498 1586 513 1602 “
526 1590 562 1617 et
582 1585 675 1618 utilis
690 1585 826 1619 Gothus
842 1587 994 1619 imitatur
1016 1586 1213 1620 Romanum
1226 1609 1258 1625 „.
1303 1584 1383 1628 [62]-
1400 1583 1553 1623 Quidam
1569 1585 1757 1619 defunctus
1773 1591 1825 1619 est
1848 1591 1884 1618 et
1898 1585 2038 1628 reliquit
2052 1595 2195 1618 uxorem
2218 1589 2254 1618 et
2275 1594 2355 1627 par-

493 1638 609 1671 vulum
631 1639 755 1672 filium:
778 1640 957 1674 nesciente
980 1646 1101 1678 matre,
1123 1639 1170 1672 ab
1192 1639 1309 1683 aliquo
1333 1639 1486 1673 sublatus
1511 1645 1563 1673 est
1585 1639 1675 1673 filius
1698 1640 1772 1673 eius
1802 1640 1965 1683 parvulus
1988 1645 2024 1673 et
2045 1638 2171 1672 ductus
2191 1638 2229 1672 in
2250 1638 2354 1671 aliam

493 1692 706 1733 provinciam
729 1699 765 1727 et
780 1693 958 1728 educatus.
1003 1694 1131 1727 Factus
1153 1693 1288 1726 iuvenis
1310 1703 1449 1737 quoquo
1465 1693 1569 1727 modo
1587 1693 1771 1727 revertitur
1786 1693 1833 1727 ad
1847 1699 2003 1727 matrem.
2047 1692 2163 1726 Mater
2178 1692 2270 1726 enim
2285 1691 2354 1725 iam
2376 1688 2433 1724 2⁵¹⁷

491 1745 728 1788 spoponderat
750 1747 877 1780 virum:
901 1758 979 1780 cum
1003 1747 1147 1780 vidisset
1169 1752 1290 1785 mater,
1313 1747 1493 1789 amplectit
1515 1747 1622 1780 filium
1637 1746 1851 1780 benedicens
1875 1746 1979 1780 deum
2002 1757 2039 1779 se
2062 1746 2170 1779 filium
2184 1743 2352 1793 revidisse

492 1804 527 1831 et
550 1799 636 1833 fecit
660 1810 738 1833 eum
762 1811 804 1834 eo
828 1800 903 1834 dies
926 1801 1078 1845 triginta.
1124 1800 1170 1834 Et
1193 1811 1278 1834 ecce
1301 1801 1446 1834 veniens
1469 1811 1614 1843 sponsus
1636 1801 1765 1839 matris,
1789 1800 1911 1834 videns
1934 1801 2105 1838 iuvenem,
2127 1798 2355 1843 interrogavit

491 1852 568 1895 quis
584 1859 691 1891 esset3
707 1864 798 1897 quae
813 1854 994 1897 respondit
1010 1865 1086 1887 esse
1103 1865 1201 1887 suum
1216 1854 1334 1887 filium.
1380 1853 1428 1887 At
1443 1854 1503 1887 ubi
1527 1854 1697 1897 comperit
1719 1865 1796 1887 esse
1812 1854 1918 1887 filium
1943 1854 2027 1892 eius,
2051 1853 2168 1896 coepit
2189 1857 2351 1895 repetere

490 1916 586 1939 arras
609 1913 645 1941 et
666 1907 805 1941 dicere:
834 1910 849 1927 ‘⁴
862 1908 934 1942 Aut
956 1919 1048 1953 nega
1070 1908 1178 1941 filium
1199 1914 1295 1942 tuum
1327 1919 1415 1947 esse,
1446 1914 1505 1941 aut
1528 1918 1612 1941 vero
1634 1908 1788 1942 abscedo
1812 1908 1894 1941 hinc
1907 1931 1939 1948 „.
1983 1907 2112 1940 Mulier
2135 1905 2354 1949 compellitur

496 1970 517 1992 a
540 1970 667 2003 sponso
690 1966 725 1995 et
748 1963 865 2005 coepit
895 1973 1025 2007 negare
1049 1962 1167 2001 filium,
1189 1973 1293 2006 quem
1317 1962 1392 2005 ipsa
1414 1968 1495 1995 ante
1519 1962 1682 1995 confessa
1705 1968 1758 1996 est
1781 1967 1815 1995 et
1841 1961 1978 1995 dicere·
1970 1960 1992 1980 ·'
2029 1963 2043 1979 ‘⁴
2056 1959 2180 1999 Vade,
2209 1959 2354 1998 iuvenis,
2377 1957 2455 1993 30

493 2012 538 2046 de
562 2012 666 2047 domo
689 2026 777 2054 mea,
800 2016 882 2059 quia
905 2016 1128 2060 peregrinum
1158 2022 1193 2049 te
1217 2016 1354 2058 suscepi
1371 2039 1406 2056 „.
1398 2026 1406 2034 ·
1429 2015 1489 2048 ille
1513 2016 1605 2048 enim
1628 2014 1769 2049 dicebat
1799 2025 1995 2059 regressum
2021 2025 2059 2047 se
2081 2013 2128 2047 ad
2151 2019 2295 2047 matrem
2317 2013 2355 2045 in
2410 2045 2413 2049 Δ
2433 2023 2435 2025 ’

491 2065 631 2099 domum
652 2068 762 2110 patris
784 2069 847 2101 sui.
893 2067 990 2107 Quid
1013 2068 1143 2102 multa?
1171 2067 1254 2102 dum
1285 2069 1373 2102 haec
1404 2074 1563 2112 aguntur,
1587 2068 1676 2101 filius
1699 2068 1836 2112 rogavit
1866 2078 1986 2112 regem
2008 2066 2176 2101 adversus
2197 2071 2353 2104 matrem,

491 2130 595 2163 quam
617 2131 679 2154 rex
700 2122 798 2155 iussit
819 2123 857 2155 in
879 2128 1046 2165 cospectu
1069 2133 1131 2156 suo
1155 2122 1239 2156 sisti.
1285 2121 1351 2155 Cui
1374 2128 1410 2156 et
1433 2122 1537 2156 dixit:
1573 2121 1740 2161 “Mulier,
1763 2122 1853 2155 filius
1882 2128 1959 2154 tuus
1989 2121 2156 2155 adversus
2178 2126 2214 2154 te
2236 2125 2353 2164 rogat3

497 2174 610 2217 “quid
632 2174 745 2209 dicis?
769 2182 822 2210 est
843 2176 933 2209 filius
955 2182 1033 2210 tuus
1056 2187 1102 2208 an
1125 2175 1258 2216 non?„;
1281 2186 1372 2220 quae
1395 2175 1501 2209 dixit:
1530 2175 1641 2209 “Non
1659 2181 1713 2209 est
1734 2186 1831 2208 meus
1854 2175 1954 2214 filius,
1976 2174 2040 2209 sed
2055 2174 2278 2219 peregrinum
2299 2183 2355 2206 su-

2452 751 2459 882 ——m‘
2455 724 2457 726 .
2446 657 2457 698 ..e-⁴

497 2228 512 2245 “
526 2228 621 2271 scepi
636 2251 667 2269 „.
712 2228 757 2262 Et
780 2228 862 2263 dum
885 2240 950 2272 per
980 2229 1138 2263 ordinem
1161 2230 1276 2263 omnia
1307 2229 1397 2263 filius
1419 2229 1572 2263 mulieris
1603 2230 1793 2263 intimasset
1815 2229 1852 2262 in
1874 2228 2014 2262 auribus
2044 2228 2148 2272 regis,
2171 2227 2258 2261 dicit
2279 2237 2353 2260 mu·
2375 2224 2418 2260 35

492 2281 569 2314 lieri
592 2281 725 2315 denuo:
753 2282 844 2316 “Est
865 2283 955 2315 filius
978 2289 1055 2316 tuus
1078 2294 1124 2315 an
1147 2283 1281 2324 non?„;
1305 2293 1396 2327 quae
1412 2282 1515 2316 dixit:
1545 2283 1651 2316 “Non
1675 2289 1728 2316 est
1742 2283 1832 2315 filius
1847 2293 1991 2323 meus„;
2014 2281 2100 2315 dicit
2116 2281 2148 2314 ei
2171 2291 2250 2314 rex:
2278 2279 2352 2313 “Et

497 2336 512 2353 '⁴
524 2345 614 2378 quae
639 2342 691 2369 est
714 2336 862 2369 facultas
877 2342 946 2375 tua,
961 2336 1109 2369 mulier?
1119 2349 1150 2377 „3
1173 2347 1264 2380 quae
1279 2336 1476 2380 respondit.
1506 2338 1521 2355 “
1533 2347 1643 2380 usque
1666 2336 1712 2370 ad
1727 2336 1821 2369 mille
1837 2335 1966 2369 solidos
1982 2359 2010 2376 „.
2048 2334 2094 2368 Et
2108 2334 2190 2368 dum
2205 2332 2300 2367 aliud
2315 2343 2353 2367 se

583 2486 606 2504 1.
626 2479 701 2505 diem
719 2480 765 2509 B,-
783 2479 830 2505 die
847 2477 892 2504 B³
912 2494 921 2499 -
941 2480 1021 2505 iusso
1033 2481 1060 2505 B
1072 2493 1084 2500 -
1099 2481 1163 2513 quis
1175 2481 1202 2505 B
1214 2494 1224 2500 -
1238 2481 1362 2514 reperire
1374 2481 1418 2510 B,-
1431 2481 1551 2514 reperiri
1563 2478 1608 2505 B2
1621 2494 1654 2499 —
1669 2488 1694 2513 3.
1707 2479 1989 2505 constantinobonm
2007 2479 2034 2503 B
2039 2488 2051 2507 .-
2070 2477 2352 2511 constantinopolim

491 2520 556 2548 Bu.
574 2537 608 2542 —
630 2531 654 2558 5.
674 2532 800 2550 ravenna
818 2525 845 2549 B
862 2537 896 2543 —
914 2524 941 2550 6.
960 2524 1053 2550 Gothi
1070 2525 1116 2554 B.-
1133 2525 1218 2558 gothi
1235 2522 1299 2549 ΒΗ)
1316 2537 1330 2544 -
1351 2527 1512 2559 spectantes
1530 2526 1557 2550 B
1575 2539 1609 2544 —
1627 2533 1654 2559 9.
1672 2525 1832 2559 gothigaB
1849 2537 1862 2544 -
1881 2523 1965 2557 quae]
1978 2524 2028 2556 qui
2040 2523 2067 2548 B
2086 2536 2120 2542 —
2141 2530 2183 2557 13.
2195 2522 2271 2548 nihil
2289 2520 2353 2547 3¹⁸

491 2581 501 2586 -
521 2575 638 2602 perpera
656 2569 699 2599 B,-
718 2577 834 2603 perpere
853 2567 917 2593 Bl·
935 2583 968 2588 —
989 2576 1079 2603 13-19.
1098 2569 1139 2594 sic
1158 2570 1395 2603 gubernavit....
1414 2570 1485 2595 fecit
1502 2578 1550 2595 om.
1571 2571 1615 2598 P,-
1629 2572 1664 2599 -}-
1678 2570 1705 2594 B
1718 2583 1752 2588 —
1774 2576 1815 2601 14.
1828 2570 1902 2593 secte
1915 2568 1960 2596 B.-
1979 2570 2071 2593 sectae
2089 2565 2134 2592 8²
2152 2580 2186 2586 —
2206 2573 2296 2601 14⁴9-
2307 2567 2351 2592 ta·

491 2619 619 2638 men....
638 2612 719 2646 fecit]
732 2613 784 2638 cosi
803 2613 830 2637 R
846 2620 860 2638 e
877 2612 926 2641 M:
939 2614 1035 2638 tamen
1054 2613 1226 2639 militia....
1245 2613 1414 2647 opulentum
1433 2614 1511 2644 secu,
1531 2613 1607 2639 nihil
1627 2614 1791 2638 contra....
1811 2612 1986 2637 iudicaretur
1998 2612 2025 2636 B
2043 2625 2077 2630 —
2091 2618 2133 2644 14.
2146 2610 2288 2636 catholice
2305 2610 2352 2639 B,-

491 2656 650 2682 catholicae
661 2655 706 2681 8²
719 2670 753 2675 —
769 2664 810 2690 15.
824 2656 958 2682 ludorum
966 2655 999 2689 (ἓ)
1011 2657 1055 2685 Β,·
1074 2657 1159 2682 ludos
1171 2655 1215 2681 Β8
1227 2669 1240 2676 -
1253 2657 1423 2682 circentium
1435 2658 1477 2689 Βς
1490 2658 1660 2683 circensium
1672 2654 1734 2681 ΒΗ)
1747 2669 1757 2675 -
1771 2656 1991 2690 amphiteatrum
2000 2655 2027 2680 B
2036 2669 2068 2675 —-
2081 2654 2122 2680 16.
2135 2654 2296 2689 appellatur
2304 2653 2331 2679 Β
2340 2666 2351 2673 -

493 2701 635 2726 aedictum
653 2702 680 2726 B
699 2715 732 2720 —
754 2708 796 2735 17.
814 2708 870 2733 quo
889 2702 934 2726 ius
952 2702 993 2726 M
994 2711 1005 2730 ,-
1024 2708 1107 2734 quem
1125 2701 1186 2726 eius
1198 2701 1225 2725 B
1242 2714 1254 2720 -
1273 2701 1380 2727 militia
1394 2702 1421 2726 B
1438 2715 1471 2720 —
1494 2701 1536 2728 18.
1555 2701 1632 2727 dono
1651 2701 1678 2726 B
1696 2714 1705 2719 -
1725 2708 1835 2726 anonas
1847 2700 1874 2724 B
1891 2713 1904 2719 -
1927 2701 1993 2725 toto
2010 2700 2038 2724 B
2056 2712 2090 2718 -
2110 2706 2152 2732 19.
2163 2698 2240 2724 Dum
2258 2698 2351 2724 inutt.

491 2746 536 2774 Β,·
550 2744 587 2777 4-
601 2746 648 2770 hic
667 2745 733 2771 dum
752 2744 836 2772 B²P
852 2760 885 2765 —
906 2752 950 2771 20.
968 2753 1021 2778 que
1039 2746 1082 2774 Β,·
1100 2753 1171 2778 quae
1189 2743 1233 2769 B³
1252 2758 1265 2765 -
1282 2745 1419 2771 habeatur
1438 2746 1464 2770 B
1483 2759 1516 2765 -
1536 2752 1579 2771 22.
1597 2745 1689 2779 gotho
1707 2745 1751 2774 B,-
1769 2745 1890 2778 gothum
1908 2742 1952 2768 3²
1971 2757 2004 2762 —
2026 2749 2068 2776 ²3·
2086 2743 2190 2768 hutilh
2209 2743 2238 2768 Ρ
2253 2755 2266 2762 -
2283 2742 2350 2768 reii-

491 2790 560 2822 quid
578 2790 605 2814 B
622 2803 656 2808 —
676 2796 718 2823 24.
739 2790 910 2815 nescientem
929 2791 1048 2814 matrem
1061 2790 1106 2818 B,-
1125 2790 1269 2815 nesciente
1288 2791 1406 2814 matrem
1419 2790 1630 2819 P1nesc1ente
1648 2790 1737 2814 matre
1750 2787 1793 2814 P¹
1814 2801 1846 2806 --
1868 2794 1916 2821 25.
1929 2788 2065 2813 edocatus
2083 2787 2139 2812 B·
2158 2793 2289 2820 quaequo
2306 2786 2352 2815 Β,·

492 2835 543 2867 qui
561 2841 677 2867 quoquo
696 2835 769 2860 P—
791 2833 833 2859 26.
851 2834 1007 2868 sponderat
1019 2835 1074 2859 B·
1093 2842 1156 2859 cum
1169 2834 1247 2859 enim
1258 2831 1304 2858 8²
1317 2833 1370 2858 P·
1389 2834 1512 2859 vidisset
1519 2832 1561 2859 P1
1581 2847 1592 2853 -
1611 2834 1795 2867 amplectitur
1813 2831 1856 2858 P¹
1874 2846 1908 2851 —
1928 2838 1970 2866 27.
1989 2839 2022 2857 ea
2039 2832 2102 2857 BP
2118 2845 2153 2850 —
2173 2829 2215 2857 28.
2233 2837 2288 2863 que
2305 2830 2350 2858 Β·

492 2886 564 2912 quae
581 2877 627 2904 Βι
645 2891 657 2898 -
676 2879 712 2904 ad
731 2879 782 2903 ubi
800 2879 827 2903 B
846 2892 879 2898 -
905 2885 947 2912 29.
966 2885 1032 2904 vere
1050 2879 1138 2904 BP—
1161 2878 1337 2912 conpellstur
1354 2878 1381 2902 B
1399 2891 1433 2897 --
1453 2885 1496 2912 30.
1515 2879 1551 2903 ab
1568 2878 1595 2902 Β
1615 2892 1647 2897 —-
1667 2885 1709 2912 31.
1727 2877 1835 2911 suspri
1853 2877 1898 2905 Β,
1916 2877 2026 2910 suscepi
2051 2874 2096 2900 32
2115 2889 2126 2895 -
2144 2875 2285 2909 regressui
2302 2874 2348 2903 Β,
2382 2875 2437 2899 ιο

491 2930 647 2957 regressum
666 2931 695 2948 se
714 2921 759 2947 3²
778 2935 791 2942 -
809 2930 825 2947 a
843 2923 888 2951 P,-
907 2923 943 2947 ad
959 2920 1038 2949 PlB
1056 2936 1089 2941 -
1111 2929 1154 2955 3²·
1172 2922 1241 2955 quid
1255 2921 1346 2947 multa
1364 2920 1428 2950 1²¹,-
1446 2922 1568 2947 multum
1587 2922 1677 2947 BP·-
1696 2922 1744 2947 het
1762 2921 1807 2949 B,-
1826 2921 1894 2946 haec
1912 2918 1973 2945 Β1ιὶ
1992 2934 2025 2939 -
2046 2927 2088 2952 33.
2106 2926 2189 2952 quem
2206 2919 2262 2944 B·
2280 2925 2350 2943 eon-

493 2975 558 3002 spec
573 2967 579 3001 1
594 2968 621 2993 Β
639 2981 648 2986 -
669 2968 716 2992 cui
735 2975 784 2992 om.
803 2967 830 2991 B
849 2981 881 2985 —
902 2975 945 3000 34.
964 2968 1015 2999 qui
1027 2968 1071 2996 B,-
1090 2975 1162 3000 quae
1181 2967 1258 2992 dixit
1271 2965 1339 2992 1²¹-
1358 2967 1539 3000 peregrinum
1559 2973 1622 2991 eum
1635 2964 1767 2992 821²-
1788 2964 1830 2998 36.
1849 2965 1963 2990 curibus
1975 2964 2113 2993 B,·cur1a
2132 2964 2186 2989 P-
2204 2963 2255 2996 qul
2272 2962 2299 2987 B
2315 2974 2349 2982 -—

494 3019 536 3046 37.
549 3020 603 3046 que
621 3013 647 3037 Β
659 3025 670 3031 -
682 3012 772 3037 alium
785 3011 830 3040 B,-
848 3011 929 3037 aliud
946 3010 992 3035 Β2
1003 3013 1031 3037 P
