2476 3516
646 190 801 226 STUDI
830 190 1019 226 CRITICI
1047 189 1402 225 PRELIMINARI

26 446 31 492 ,ἶ
89 467 218 503 sermo,
245 455 282 492 si
304 455 473 491 dominus
499 454 689 500 iubaverit,
717 456 772 490 est
799 454 1074 502 adsumpturus,
1104 455 1192 502 quia
1220 467 1327 504 gens,
1357 455 1462 491 cuius
1488 455 1672 504 originem
1697 455 1873 504 flagitas,
1902 457 1947 491 ab

30 531 31 534 ’
70 566 72 569 ,
85 523 198 562 huius
224 523 370 559 insulae
391 522 539 571 gremio
567 522 667 558 velut
692 532 843 557 examen
869 521 997 567 apium
1026 525 1222 567 erumpens
1248 522 1288 557 in
1315 524 1453 557 terram
1475 521 1651 569 Europae
1667 521 1833 558 advenit:
1859 534 1946 570 quo-

63 571 71 591 ÷
88 590 192 627 mdo
217 600 301 625 vero
327 591 395 624 aut
419 588 590 635 qualiter,
611 589 653 623 in
678 587 982 635 subsequentibus,
1010 588 1046 623 si
1061 588 1229 625 dominus
1247 589 1450 635 donaverit,
1470 589 1763 635 explanavimus,
1783 589 1946 625 sembre-

67 673 69 675 ¹
87 656 206 694 rebbe.
227 655 391 691 indicare
419 655 446 690 il
473 655 656 702 principio
685 653 783 689 della
809 655 1047 700 trattazione3
1076 667 1137 690 ma
1165 656 1203 690 in
1229 654 1344 691 realta
1372 655 1475 702 dopo
1505 656 1679 692 continua
1699 668 1771 692 con
1790 655 1861 692 due
1890 656 1945 691 di-

57 723 276 773 2gressioni,
305 721 409 757 l’una
436 721 528 757 sulla
555 721 755 766 Britannia,
785 720 808 755 l'
817 720 909 757 altra
927 721 1017 756 sulla
1045 721 1204 757 Scandia
1223 735 1244 758 e
1263 722 1316 757 sui
1347 722 1476 769 popoli
1497 723 1566 758 che
1585 722 1622 757 in
1651 734 1730 758 essa
1751 722 1945 759 abitarono

60 794 111 833 [se
134 788 184 825 da
210 799 291 825 essa
319 788 504 825 uscirono.
557 788 636 824 Che
664 787 782 823 anche
810 787 846 824 18
874 788 1011 824 notizie
1040 788 1131 823 sulla
1159 788 1320 825 Scandia
1348 788 1530 835 risalgano
1559 801 1580 824 a
1608 789 1795 835 Iordanes,
1815 789 1853 824 lo
1882 789 1947 824 de-

52 871 67 906 s
87 856 261 893 duciamo
289 854 336 891 da
365 854 428 903 pin
455 855 549 891 fatti.
604 854 789 890 Parlando
817 853 915 889 delle
944 861 1011 896 tre>
1027 855 1119 902 parti
1149 855 1209 890 del
1236 854 1379 891 mondo
1400 854 1445 905 (1,
1467 855 1508 904 4)
1539 856 1612 892 cita
1639 856 1776 892 Orosio
1796 856 1843 892 ed
1862 856 1944 892 altri

55 916 246 972 ,scrittori
275 922 343 958 che
370 934 445 958 non
473 922 625 958 nomina
655 919 956 971 (innumerabiles
970 925 1068 968 pene
1093 919 1320 970 scriptores),
1346 934 1366 957 e
1396 934 1493 970 poco
1511 923 1576 971 pia
1604 923 1728 958 avanti
1747 923 1905 970 Virgilio
1927 936 1947 958 a

64 973 279 1038 {proposito
316 987 413 1024 della
440 987 579 1036 Thyle3
616 988 680 1035 poi
715 987 893 1035 parlando
930 988 1028 1024 della
1064 989 1250 1024 Britannia
1287 990 1361 1024 cita
1398 989 1524 1034 Livio,
1562 989 1759 1036 Strabone,
1797 991 1945 1036 Tacito,

62 1045 64 1049 X
88 1057 211 1092 Dione
239 1055 286 1092 ed
316 1041 400 1091 altri
427 1056 548 1090 autori
576 1055 644 1090 che
672 1066 748 1089 non
774 1055 924 1090 nomina
953 1054 991 1104 (a
1014 1056 1143 1104 grecis
1171 1055 1366 1103 latinisque
1392 1056 1600 1092 auctoribus
1636 1054 1881 1105 accepimus);
1909 1057 1945 1092 la

49 1138 52 1147 2
84 1129 202 1160 stessa
228 1134 318 1159 cosa
344 1123 374 1158 si
402 1123 477 1169 pub
505 1122 666 1168 ripetere
695 1105 761 1168 per
788 1121 825 1156 la
853 1121 1026 1168 Scandia,
1055 1134 1127 1157 ove
1157 1123 1231 1157 cita
1259 1122 1463 1167 Tolomeo,
1486 1134 1506 1157 e
1535 1123 1572 1159 di
1602 1129 1732 1172 questo
1762 1123 1809 1160 da
1830 1124 1945 1159 anche

63 1200 65 1202 ·
88 1190 352 1227 l’indicazione
379 1188 638 1236 bibliografica
669 1187 725 1238 (in
751 1189 907 1224 secundo
935 1190 996 1224 sui
1020 1190 1143 1236 operis
1179 1187 1301 1236 libro),
1330 1190 1543 1237 Pomponio
1570 1190 1689 1236 Mela,
1723 1191 1889 1227 Ablavio
1926 1204 1947 1226 e

57 1251 59 1253 ’
87 1257 275 1304 Giuseppe
303 1255 448 1292 Flavio.

60 1328 62 1330 ’
86 1324 152 1372 gio
178 1323 239 1360 dei
265 1322 395 1371 popoli
423 1322 521 1359 dalla
549 1322 708 1359 Scandia
737 1321 809 1357 alla
837 1321 958 1357 Scizia
987 1321 1089 1360 dice:
1119 1323 1416 1370 quemadmodum
1443 1325 1479 1358 et
1495 1324 1536 1358 in
1558 1323 1698 1369 priscis
1715 1336 1837 1361 eorum
1860 1337 1945 1361 car-

503 1256 537 1291 E
564 1256 735 1291 notiamo
764 1267 872 1290 come
902 1255 1026 1291 finisce
1053 1255 1078 1290 il
1107 1268 1190 1303 cap.
1218 1256 1293 1303 1V3
1322 1256 1423 1303 dopo
1441 1268 1531 1293 aver
1559 1256 1734 1293 deseritto
1753 1257 1777 1292 il
1796 1270 1946 1305 passag-

45 1382 56 1439 ,¹
87 1390 243 1427 minibus
265 1393 363 1436 pene
388 1390 525 1426 storicu
551 1390 629 1426 ritu
643 1390 682 1425 in
710 1401 898 1425 commune
915 1389 1109 1427 recolitur.-
1136 1390 1237 1437 quod
1257 1392 1292 1425 et
1307 1389 1491 1427 Ablavius
1513 1390 1716 1437 descripmr
1745 1391 1945 1428 Gothorum

81 1457 209 1508 gentis
236 1467 411 1507 egregius
429 1457 620 1493 verissima
637 1456 839 1492 adtestatur
868 1455 1032 1503 historia,
1051 1457 1091 1491 in
1110 1469 1221 1504 quam
1247 1458 1462 1493 sententiam
1481 1459 1517 1493 et
1541 1457 1718 1493 nonnulli
1739 1469 1947 1495 consensere

47 1509 50 1511 Δ
86 1517 284 1562 ηιαίονιιηιξ
315 1522 493 1571 Ioseppus
520 1535 659 1571 quoque
685 1523 880 1560 annalium
907 1524 1046 1559 relator
1071 1524 1286 1560 verissimus
1313 1524 1399 1560 dum
1418 1524 1549 1572 ubique
1576 1524 1744 1561 veritatis
1762 1529 1948 1562 conservet

86 1591 260 1641 regulam
288 1593 324 1626 et
348 1590 511 1640 origines
539 1602 734 1626 causarum
765 1603 789 1626 a
811 1591 1004 1637 principio
1032 1591 1206 1627 revolvat.
1237 1591 1324 1626 baec
1350 1603 1434 1627 vero
1461 1603 1553 1638 quae
1579 1591 1743 1628 diximus
1769 1591 1813 1627 de
1834 1597 1946 1642 gente

88 1657 288 1695 Gothorum
312 1656 507 1704 principia
535 1668 602 1693 cur
627 1656 801 1703 omiserit,
831 1657 1050 1706 ignoramus
1077 1659 1142 1692 etc.

46 1734 49 1736 ’
87 1724 234 1771 tazioni,
254 1736 325 1760 -ma
351 1723 469 1760 anche
497 1735 569 1759 una
597 1723 725 1760 critica
752 1723 998 1760 rudimentale
1026 1723 1124 1760 delle
1152 1724 1255 1770 fonti,
1289 1724 1503 1761 erudizione
1527 1725 1669 1770 inutile,
1690 1726 1771 1762 anzi
1803 1727 1946 1762 incom-

1197 1658 1361 1703 Orbene,
1389 1659 1450 1707 qui
1479 1658 1654 1694 abbiamo
1683 1671 1757 1694 non
1784 1659 1866 1695 solo
1894 1661 1946 1695 ci-

40 1780 43 1810 Ῑ
86 1790 294 1840 prensibile,
309 1802 350 1826 se
377 1802 454 1826 non
472 1790 570 1827 fosse
587 1790 702 1826 frutto
722 1791 902 1837 originale
932 1789 1031 1837 degli
1050 1790 1147 1826 studi
1175 1790 1410 1828 dell’autore.
1465 1792 1494 1827 Il
1515 1792 1634 1840 quale,
1653 1793 1804 1829 avendo
1821 1794 1946 1841 spinto

41 1901 42 1904 Ἴ
86 1858 147 1906 pin
175 1857 277 1904 lungi
303 1857 329 1893 il
360 1862 540 1894 racconto
576 1856 645 1892 che
681 1868 756 1892 non
791 1869 922 1894 avesse
958 1858 1051 1893 fatto
1088 1857 1325 1903 Cassiodoro,
1362 1859 1545 1905 giustifica
1579 1860 1617 1894 in
1653 1860 1739 1907 ogni
1777 1866 1878 1907 parte
1920 1861 1945 1896 il

45 1948 54 1956 -
89 1929 270 1961 racconto
298 1924 368 1960 che
397 1936 495 1960 esce¹
512 1923 609 1960 dalla
635 1935 702 1960 sua
727 1934 850 1959 mano.
906 1923 966 1960 Ed
1002 1924 1119 1960 infatti
1148 1924 1268 1960 subito
1306 1912 1422 1972 dopo,
1451 1926 1623 1965 facendo,
1646 1927 1680 1962 la
1717 1926 1945 1963 descn’zione

40 1983 49 2027 ³.
89 1991 186 2029 della
212 1990 345 2037 Scizia,
375 1990 676 2027 evidentemente
707 1991 838 2027 attinta
856 2002 878 2026 a
897 1989 1137 2036 Cassiodoro‚
1166 2003 1240 2026 non
1259 1992 1455 2028 introduce
1482 1992 1613 2029 alcuna
1633 1994 1817 2030 citazione
1836 2006 1945 2030 come

89 2057 441 2106 nelleprecedenti,
471 2070 492 2094 8
521 2058 557 2093 la
585 2057 664 2094 sola
693 2057 886 2102 cstazione,
917 2057 985 2092 che
1014 2059 1044 2092 si
1072 2062 1179 2094 trova
1206 2057 1278 2094 alla
1305 2059 1378 2094 fine
1406 2058 1468 2095 del
1497 2072 1578 2107 cap.
1603 2061 1652 2106 V,
1684 2061 1746 2107 38,
1774 2061 1812 2096 in
1848 2066 1945 2098 tutto

36 2152 66 2165 f
87 2125 245 2172 analoga
273 2136 294 2160 a
322 2123 444 2173 quella
471 2123 532 2160 del
561 2123 727 2171 capitolo
754 2124 992 2170 precedente,
1020 2125 1041 2159 ὲ
1079 2124 1218 2161 dovuta
1255 2125 1290 2161 al
1319 2126 1576 2174 compilatore,
1615 2139 1723 2163 come
1751 2129 1943 2176 apparisce

40 2190 45 2197 ”
89 2191 185 2228 dalle
212 2191 339 2239 parole
367 2190 427 2227 del
455 2192 648 2238 paragrafo
667 2195 847 2238 seguente
876 2190 942 2240 (V,
964 2189 1051 2240 39):
1082 2194 1123 2227 ut
1139 2203 1228 2242 ergo
1255 2192 1311 2227 ad
1322 2195 1487 2229 nostrum
1512 2196 1746 2241 propositum
1773 2198 1853 2242 etc„
1874 2208 1945 2231 con

89 2258 125 2294 le
152 2257 248 2307 quali
267 2259 297 2294 si
324 2258 502 2294 richiama
521 2257 547 2292 il
574 2262 753 2293 racconto
782 2257 817 2293 al
837 2258 886 2303 V,
908 2257 976 2293 38:
1006 2270 1160 2305 quorum
1179 2260 1368 2295 mansione
1390 2260 1520 2307 prima
1538 2261 1579 2296 in
1606 2261 1775 2309 Scythiae
1793 2264 1857 2297 etc.
1912 2264 1945 2298 E

37 2326 42 2366 ἶ
89 2324 127 2361 di
154 2326 326 2372 maggior
351 2325 485 2360 rilievo
514 2328 535 2362 ὲ
563 2336 701 2360 ancora
729 2324 796 2360 che
825 2323 859 2359 le
887 2325 1024 2360 notizie
1052 2325 1112 2360 dei
1141 2336 1248 2372 capp.
1269 2326 1318 2372 V,
1342 2326 1388 2362 38
1419 2338 1439 2362 8
1468 2328 1517 2372 V,
1540 2328 1589 2363 39
1619 2329 1673 2363 sui
1701 2329 1803 2375 Goti,
1824 2341 1865 2365 su
1883 2330 1945 2364 Fi-

90 2390 222 2427 limero
250 2402 270 2426 e
299 2390 334 2426 le
362 2390 444 2427 loro
471 2392 679 2428 successive
708 2390 788 2426 sedi
814 2390 1056 2438 appariscono
1084 2391 1336 2439 indipendenti
1364 2393 1461 2430 dalle
1490 2394 1671 2442 analoghe
1700 2394 1761 2431 del
1788 2396 1856 2441 IV,
1883 2395 1945 2440 27,

41 2493 44 2494 7
90 2458 151 2494 cib
179 2457 246 2493 che
274 2457 304 2493 si
331 2457 598 2504 spiegherebbe
627 2457 827 2494 benissimo
855 2469 928 2493 con
955 2457 990 2493 la
1010 2457 1186 2495 diversita
1205 2459 1241 2494 di
1267 2460 1367 2497 fonti.
1423 2461 1476 2497 Al
1496 2473 1577 2508 cap.
1597 2462 1647 2508 V,
1669 2462 1801 2508 38-39,
1822 2475 1896 2498 non
1914 2464 1943 2497 si

25 2685 33 2690 „
90 2654 114 2680 n
133 2655 273 2688 parallelo
287 2655 319 2680 fu
332 2657 435 2681 notato
454 2655 543 2680 anche
561 2655 609 2680 dal
628 2655 795 2687 Mommsen,
814 2664 862 2690 per
881 2659 988 2689 quanto

28 2711 45 2731 .·‘
90 2697 224 2730 riguarda
243 2698 254 2723 1
273 2698 380 2723 cavalli
402 2698 535 2730 Turingi.
571 2698 595 2723 11
615 2698 763 2723 Tamassia
783 2699 874 2731 (Ponti
887 2699 989 2732 gottche

33 2739 38 2743 '
55 2746 62 2754 ·
90 2738 160 2763 della
185 2740 267 2764 ston'a
291 2739 470 2772 longobarda,
494 2740 526 2764 ln
551 2740 637 2765 Atti
665 2740 766 2765 della
793 2741 827 2766 R.
858 2741 989 2767 Accad.

29 2787 32 2802 1
90 2779 128 2805 dx
156 2780 312 2812 Torlno,
338 2780 452 2811 XXXII,
477 2781 528 2815 697
555 2781 627 2815 sgg.)
652 2782 688 2806 ha
714 2782 887 2807 dimostrato
910 2790 989 2808 come

34 2827 49 2850 j
90 2821 118 2847 la
137 2821 259 2847 Seandla
278 2823 303 2847 si
321 2823 401 2848 trovi
421 2823 452 2847 ln
477 2823 622 2853 Iordanes,
649 2824 816 2858 new-Origo
835 2831 851 2849 e
868 2826 899 2849 in
919 2825 989 2850 Pro—

90 2864 185 2897 copio,
205 2871 265 2889 non
285 2865 316 2889 ln
335 2864 422 2890 altri:
447 2865 474 2889 le
498 2866 592 2890 tracce
615 2866 665 2890 che
683 2864 731 2899 gia
757 2866 803 2891 nel
830 2866 868 2891 VI
893 2867 988 2892 secolo

33 2931 35 2934 ,
89 2906 115 2932 sl
132 2909 257 2932 trovano
275 2907 308 2932 ln
321 2907 458 2932 Iordanes
471 2907 611 2933 derlvano
628 2907 710 2934 bens}
732 2909 810 2934 dalla
823 2910 989 2935 letteratura

90 2948 216 2979 classica,
235 2956 281 2974 ma
294 2949 440 2974 rawlvatl
453 2957 468 2974 e
480 2950 646 2983 completati
669 2951 743 2976 delle
761 2952 921 2977 tradlzioni
939 2960 989 2985 go-

30 2523 34 2542 ·'
88 2524 188 2572 parla
214 2524 277 2571 pin
296 2523 393 2560 della
411 2524 581 2569 Scandia,
600 2524 646 2559 ne
666 2524 702 2560 vi
724 2525 744 2559 ὲ
764 2525 826 2571 piis
845 2511 991 2571 le'game
1011 2536 1083 2560 con
1103 2536 1202 2571 essa;
1233 2527 1326 2572 anzi,
1346 2528 1446 2564 devo
1466 2528 1689 2575 aggiungere
1709 2529 1777 2564 che
1797 2531 1832 2565 in
1862 2529 1943 2565 altri

1043 2658 1128 2689 tiche,
1147 2659 1197 2683 che
1217 2666 1370 2692 ponevano
1389 2658 1417 2685 lh
1436 2661 1571 2694 l’origlne
1591 2648 1666 2686 della
1686 2662 1815 2687 nazione.
1853 2662 1942 2687 Tutto

1043 2698 1090 2724 cio
1110 2702 1153 2725 sta
1172 2707 1189 2725 a
1209 2709 1329 2734 provare
1354 2703 1375 2727 il
1399 2702 1478 2727 lento
1505 2703 1606 2728 lavoro
1626 2704 1658 2728 di
1682 2704 1889 2735 elaborazione,
1914 2705 1941 2729 al
1987 2716 2004 2730 υ

1043 2743 1126 2774 quale
1144 2750 1194 2776 per
1213 2744 1299 2769 molti
1312 2744 1366 2769 lati
1380 2744 1558 2770 cassiodoro
1572 2746 1681 2770 sembra
1694 2747 1832 2776 esti-aneo,
1846 2755 1860 2771 e
1874 2745 1942 2779 pero

1044 2792 1102 2810 non
1123 2785 1207 2811 eredo
1227 2786 1277 2810 che
1301 2786 1330 2811 la
1350 2787 1522 2811 Gouscandta
1541 2788 1583 2812 sia
1602 2795 1641 2812 un
1662 2795 1745 2814 nome
1767 2789 1941 2814 raffazonato

1044 2827 1079 2851 da
1092 2827 1278 2853 Cassiodoro.
1299 2827 1412 2854 Contro
1427 2829 1437 2853 1
1450 2829 1578 2855 risultati
1594 2830 1639 2855 del
1652 2831 1801 2856 Tamassia
1814 2832 1839 2855 si
1852 2838 1941 2864 vegga

1043 2869 1066 2893 ll
1092 2877 1151 2894 non
1177 2870 1261 2895 felice
1288 2871 1390 2895 lavoro
1416 2871 1460 2896 del
1487 2872 1588 2902 Blasel,
1610 2873 1662 2897 Die
1687 2873 1867 2905 Wandcnage
1891 2874 1941 2896 den

1043 2912 1232 2944 longobar-den,
1250 2913 1375 2944 Breslau,
1396 2920 1473 2946 1909,
1488 2921 1514 2947 p.
1535 2920 1568 2947 ²9
1586 2921 1646 2947 sgg.
1666 2914 1713 2947 (cs.
1733 2915 1895 2944 TAMAss1A‚
1910 2915 1940 2939 ln
1972 2926 2001 2951 15

1044 2953 1231 2978 Archlvio
1251 2956 1341 2979 stor.
1362 2955 1542 2987 maliano,
1559 2963 1634 2989 1910,
1649 2957 1781 2991 dispensa
1795 2957 1815 2987 1,
1829 2964 1855 2990 p.
1871 2957 1940 2989 220).
