2476 3516
1109 230 1264 266 STUDI
1294 230 1483 265 CRITICI
1511 229 1861 266 PRELIMINARI
2425 248 2451 288 {E

552 363 730 399 ricorrere
758 362 793 399 al
822 362 882 398 De
909 362 1036 410 Mori„
1068 362 1131 407 33,
1151 370 1186 397 6:
1216 362 1512 407 computrescunt
1526 362 1746 411 forinsecus
1773 363 1925 409 viscera,
1955 375 1976 399 e
2006 363 2067 409 33,
2089 371 2124 399 8:
2153 365 2189 399 et
2213 365 2255 400 in
2277 365 2406 410 putro-
2429 350 2467 392 Ϊ

555 429 676 464 dinem
703 433 858 476 corpus,·
885 430 931 464 ne
959 428 1148 475 vogliamo
1177 428 1403 464 sofferrnarci
1422 440 1462 463 su
1492 429 1634 475 singole
1662 429 1757 474 stasi,
1779 429 1847 467 che
1875 428 1901 465 il
1920 430 2118 467 confi-outo
2146 431 2166 465 ὲ
2184 430 2407 478 pericoloso.
2436 432 2458 455 ”

554 496 612 531 La
640 496 871 531 costruzione
900 494 998 531 della
1018 494 1154 530 notizia
1182 494 1366 530 valesiana
1393 495 1439 530 ha
1457 493 1640 531 tutt'altro
1667 495 1929 532 fondamento:
1960 497 1995 532 13
2013 497 2129 545 prima
2157 502 2261 545 parte
2289 498 2309 531 e
2337 507 2408 533 una
2432 485 2463 546 ,33⁸3

555 563 825 598 constatazione
855 560 891 596 di
911 561 1001 597 fatto
1029 562 1067 596 in
1086 561 1205 596 forma
1223 561 1346 597 sobria
1373 573 1393 596 e
1413 566 1665 598 serenamente
1683 561 1901 608 obbiettiva‚
1921 575 1995 599 non
2022 564 2210 612 inquinata
2228 563 2275 599 da
2301 554 2408 601 alcun
2431 565 2465 617 ’ἕ

552 633 815 676 preconcett03
845 639 925 663 essa
952 627 1192 675 corrisponde
1210 628 1245 663 al
1273 629 1441 674 pensiero
1471 628 1508 662 di
1535 640 1609 663 uno
1637 629 1804 665 scrittore
1825 629 1892 665 che
1919 630 2107 677 raccoglie
2125 629 2160 667 le
2187 630 2323 666 notizie
2344 621 2404 667 d'ei
2424 632 2432 679 ᾖ,
2455 664 2465 676 Ἴ.

553 695 632 730 fatti
660 706 769 730 senza
797 695 997 730 intrusione
1035 693 1071 729 di
1110 693 1282 730 elementi
1311 696 1484 740 estranei,
1518 694 1585 730 che
1612 706 1658 730 ne
1686 695 1815 731 falsino
1842 696 1868 731 il
1896 696 2103 745 significato
2131 696 2331 743 realistico,
2359 697 2460 733 od

1017 762 1051 797 E
1078 760 1151 796 tale
1179 760 1217 795 fu
1245 759 1390 797 accolta
1418 760 1480 796 dal
1507 766 1635 797 nostro
1663 767 1806 807 autore,
1835 761 1861 797 il
1888 762 1995 810 quale
2023 774 2091 810 per
2119 767 2231 799 conto
2258 764 2433 811 proprio
2458 781 2468 804 3,

553 827 768 874 v'aggiunse
796 827 822 862 il
852 833 1077 872 commento,
1107 828 1214 874 quale
1244 827 1451 864 conveniva
1475 828 1548 863 alla
1577 829 1726 875 propria
1754 828 1922 866 idealita:
1954 840 1975 864 e
2005 830 2064 865 cio
2083 830 2164 865 fece
2191 841 2302 866 senza
2327 835 2409 866 toc-
2458 831 2461 871 ζ

553 761 702 796 almeno
731 761 768 796 lo
796 760 963 802 alterino.

955 894 1034 929 Che
1062 905 1101 929 se
1131 894 1195 940 poi
1223 892 1416 940 vogliamo
1443 894 1626 930 ricereare
1655 906 1726 930 con
1748 894 1871 930 buona
1898 895 2219 942 verosimiglianza
2244 896 2281 932 13
2306 896 2411 932 fonte
2426 898 2437 948 'J
2457 897 2460 918 ἵ

553 960 651 996 dello
680 965 795 996 stesso
815 965 1029 995 commento
1058 971 1133 994 non
1152 961 1338 1009 possiamo
1366 960 1529 995 trovarla
1547 961 1608 996 nei
1627 965 1682 996 tre
1700 961 1870 1007 precitati
1888 961 2009 997 autori
2038 962 2118 1008 che,
2138 955 2435 1016 diffondendo‘sisj
2459 953 2466 968 ³

554 905 663 929 carne
691 894 729 928 lo
758 893 899 939 spirito.

554 1027 592 1061 in
620 1026 830 1073 particolari
858 1026 921 1074 piu
949 1038 972 1060 0
1001 1038 1114 1062 meno
1142 1027 1234 1071 veri,
1263 1028 1292 1062 si
1324 1026 1561 1063 allontanano
1589 1031 1727 1074 troppo
1756 1027 1816 1063 dal
1843 1034 1970 1064 nostro
2001 1033 2112 1074 testo,
2142 1040 2204 1064 ma
2229 1029 2410 1076 piuttosto
2431 1030 2435 1078 j

554 1094 592 1128 in
619 1092 714 1129 altro
743 1093 811 1128 che
838 1093 889 1127 mi
918 1093 1059 1140 lusinga
1087 1093 1206 1129 molto
1220 1094 1245 1139 ¹,
1275 1105 1295 1129 e
1326 1093 1407 1129 cioe
1435 1093 1474 1128 in
1508 1093 1661 1140 Rufino,
1689 1093 1801 1140 Hist„
1833 1095 1933 1141 VIII,
1969 1095 2026 1140 16,
2055 1104 2084 1141 2,
2115 1096 2183 1132 che
2211 1096 2249 1132 in
2276 1099 2459 1146 questo

556 1165 670 1206 punto
699 1158 796 1195 della
823 1160 993 1195 versione
1023 1160 1060 1196 di
1088 1159 1252 1196 Eusebio
1280 1160 1408 1197 riduce
1437 1161 1499 1208 piu
1527 1161 1595 1196 che
1620 1160 1763 1197 altrove
1791 1161 1816 1196 il
1844 1167 1943 1198 testo
1971 1163 2186 1198 eusebiano.

639 1226 714 1261 Nei
743 1225 815 1261 due
844 1227 963 1262 autori
993 1227 1072 1262 cosl
1100 1227 1129 1262 si
1158 1226 1288 1274 legge:

608 1313 635 1337 A
644 1320 661 1337 n
670 1313 770 1338 onim
779 1320 806 1344 o,
835 1312 928 1345 Ortgo,
947 1310 973 1343 3,
994 1317 1019 1337 a:
1039 1313 1071 1338 in
1091 1313 1265 1348 supplicium
1283 1300 1454 1346 persecutio-

1563 1316 1692 1348 Rmrmo,
1705 1316 1782 1347 vm,
1798 1314 1840 1346 16,
1853 1322 1881 1341 2:
1901 1317 1996 1350 Ipsum
2016 1325 2137 1350 namque
2156 1319 2299 1344 auctorem
2318 1319 2404 1344 neele·
2428 1340 2431 1341 γ
2464 1320 2470 1330 “’

556 1363 602 1386 nis
620 1363 818 1394 iniquissimae
831 1362 866 1386 ad
886 1363 1029 1386 auctorem
1044 1362 1174 1388 scelerati
1194 1364 1335 1397 praecepti
1357 1364 1454 1389 iustis·
2435 1360 2441 1366 ²

1508 1364 1548 1389 ris
1567 1365 1642 1390 ultlo
1662 1365 1764 1390 divina
1787 1366 1918 1398 arripuit.

556 1412 628 1435 sima
647 1418 740 1444 poena
757 1410 902 1436 redeunte.

643 1482 676 1518 E
703 1482 801 1518 della
830 1484 946 1529 prima
975 1484 1104 1530 parte?
1134 1484 1306 1520 chiederh
1333 1483 1358 1519 il
1386 1484 1532 1520 lettore.
1589 1486 1854 1523 Francamente
1884 1486 1982 1523 devo
2010 1486 2090 1524 dire
2117 1487 2186 1524 che
2213 1487 2265 1535 gli
2291 1474 2411 1525 autori
2432 1503 2457 1539 J*

553 1549 603 1584 fin
629 1551 691 1598 qui
718 1550 815 1596 presi
842 1550 881 1584 in
909 1561 1031 1586 esame
1060 1562 1135 1586 non
1163 1550 1288 1586 hanno
1316 1551 1328 1585 i
1355 1552 1567 1598 particolar-i
1596 1552 1944 1589 dell’Anonimo:
1975 1565 2050 1589 non
2082 1554 2134 1602 gli
2161 1555 2320 1591 scrittori
2348 1567 2411 1592 ec·
2449 1547 2464 1592 vt

554 1615 760 1661 clesiastici‚
780 1624 856 1651 non
884 1616 1068 1665 Eutropio
1089 1614 1156 1665 (X,
1179 1618 1214 1661 4,
1235 1614 1282 1665 2),
1313 1618 1382 1653 che
1410 1617 1457 1654 dh
1477 1618 1511 1655 la
1529 1619 1668 1655 notizia
1694 1631 1786 1667 pura
1809 1632 1829 1656 e
1858 1620 2047 1668 semplice,
2070 1632 2178 1657 come
2198 1621 2408 1662 Girolamo,
2428 1617 2439 1664 [⁴
2467 1622 2469 1625 ’

556 1693 577 1717 e
609 1694 684 1717 non
712 1682 873 1728 Vittore,
902 1682 970 1718 che
999 1683 1096 1719 nelle
1130 1682 1219 1719 Vite
1248 1683 1308 1719 dei
1345 1684 1472 1720 Cesari
1501 1697 1576 1721 non
1612 1697 1659 1722 ne
1696 1686 1817 1733 parla:
1846 1686 1944 1723 forse
1973 1687 2007 1723 ci
2044 1688 2228 1724 troviamo
2254 1689 2294 1724 in
2329 1699 2411 1736 pre-
2431 1687 2463 1739 ’ᾗ

557 1749 665 1785 senza
693 1748 730 1784 di
758 1761 829 1784 una
856 1749 990 1785 notizia
1017 1749 1307 1786 marcelliniana.
1442 1744 1444 1746 '
2440 1791 2464 1803 ,ᾗ

642 1815 694 1851 ΑΙ
722 1815 905 1862 principio
934 1815 994 1851 del
1021 1826 1101 1863 cap.
1133 1816 1155 1850 6
1176 1816 1206 1851 si
1224 1816 1357 1863 riparla
1375 1817 1413 1853 di
1438 1818 1600 1864 Licinio,
1619 1831 1641 1855 e
1659 1819 1721 1866 piu
1748 1820 2016 1867 precisamente
2040 1820 2138 1856 della
2164 1832 2228 1858 sua
2246 1820 2410 1857 elezione

555 1881 603 1917 ad
638 1881 876 1928 imperatore.
932 1881 971 1916 Si
1006 1882 1102 1917 noti:
1140 1883 1202 1931 qui
1238 1883 1259 1918 ὲ
1295 1883 1401 1920 detto
1437 1884 1650 1931 imperator,
1687 1890 1829 1922 mentre
1865 1884 2087 1936 nell’Orzjgro,
2117 1887 2153 1933 3,
2182 1894 2211 1933 8,
2248 1887 2270 1922 ὲ
2306 1888 2411 1924 detto

551 1947 702 1993 Caesar,
731 1959 792 1983 ma
817 1959 892 1983 non
918 1948 965 1983 ha
992 1948 1026 1983 la
1055 1949 1316 1985 caratteristica
1345 1949 1382 1986 di
1410 1962 1483 1986 una
1509 1951 1726 1998 ripetizione
1764 1951 1801 1987 di
1837 1953 1984 1990 diversa
2018 1954 2174 2000 origine.
2230 1953 2349 1990 Come
2376 1953 2411 1990 la
2434 1971 2447 2006 ⁴.

555 2015 691 2051 notizia
709 2013 794 2050 dell’
802 2012 930 2064 Origo,
952 2015 987 2059 3,
1008 2024 1036 2060 8,
1056 2027 1132 2051 non
1154 2021 1263 2053 trova
1281 2016 1463 2054 riscontro
1481 2017 1579 2064 negli
1600 2018 1680 2055 altri
1698 2019 1872 2065 scrittori,
1893 2020 1970 2055 cosi
1988 2020 2109 2068 quella
2127 2020 2188 2057 del
2209 2032 2290 2067 cap.
2319 2020 2356 2065 6,
2379 2027 2411 2056 13
2432 2019 2464 2068 ῑζ

555 2082 585 2117 si
603 2085 724 2128 presta
751 2080 800 2116 ad
818 2092 865 2116 un
893 2081 1034 2117 incerto
1063 2083 1263 2119 confronto
1284 2094 1357 2119 con
1375 2083 1559 2130 Eutropio
1589 2096 1609 2120 e
1638 2096 1709 2121 con
1737 2084 1938 2131 l'Epitome
1966 2085 2002 2121 di
2031 2087 2194 2132 Vittore,
2223 2086 2284 2123 dei
2311 2086 2411 2135 quali

556 2159 624 2195 pur
650 2147 806 2195 qualche
835 2146 1020 2183 elemento
1048 2148 1077 2183 si
1106 2153 1213 2184 trova
1240 2147 1324 2184 nell'
1332 2147 1468 2199 Origo:
2443 2138 2459 2156 ‘A‘

644 2243 672 2267 A
680 2250 698 2267 n
706 2250 724 2267 ο
732 2242 769 2267 nl
778 2250 806 2268 m
814 2250 841 2274 ο,
865 2242 956 2275 Origo,
975 2241 1001 2273 6,
1017 2247 1056 2269 13:
1069 2243 1201 2269 Lchnius
1215 2244 1312 2277 ltaque
1324 2252 1360 2270 ex
1374 2253 1450 2271 nova

1593 2247 1758 2278 Exn-Romo,
1778 2249 1811 2280 X,
1831 2247 1856 2280 4,
1878 2253 1903 2273 12
1916 2249 1987 2274 Post
1998 2249 2054 2274 hoc
2071 2251 2181 2284 tempus
2195 2258 2212 2275 a
2225 2249 2346 2276 Galerio
2359 2249 2407 2276 Ll·

556 2291 646 2317 Dacln
664 2291 781 2316 villorls
800 2291 924 2324 originis
943 2299 960 2316 a
980 2291 1098 2318 Galerio
1118 2293 1211 2319 sactus
1230 2295 1397 2327 imperator.
2391 2298 2395 2303 '

1505 2296 1599 2320 clnlus
1618 2297 1777 2330 imperator
1797 2298 1890 2323 sactus
1909 2300 1959 2329 est,
1979 2299 2070 2324 Dacia
2089 2300 2238 2325 oriundus.

645 2372 714 2407 Poi
741 2371 1004 2408 l’Anonimo
1031 2373 1204 2420 riferisce,
1224 2375 1387 2412 siccome
1406 2376 1551 2412 motivo
1570 2376 1607 2412 di
1636 2378 1710 2414 tale
1740 2378 1917 2426 elezione,
1937 2380 1973 2415 la
1999 2391 2133 2426 guerra
2157 2381 2226 2417 che
2244 2380 2408 2416 avrebbe

559 2437 700 2474 dovuto
730 2443 915 2474 sostenere
954 2444 1084 2475 contro
1121 2441 1340 2488 Massenzio,
1377 2448 1519 2479 mentre
1546 2445 1732 2491 Eutropio
1765 2446 1829 2495 (X,
1862 2447 1897 2492 4,
1921 2444 1951 2495 1)
1980 2458 2045 2494 per
2072 2446 2098 2482 il
2135 2458 2243 2494 passo
2279 2448 2410 2484 imme·
2437 2433 2448 2477 Y'·

559 2503 782 2540 diatamente
810 2510 986 2551 seguente
1015 2504 1174 2552 dipende
1201 2508 1248 2543 da
1277 2508 1438 2554 Vittore,
1474 2509 1591 2555 Caes„
1620 2511 1707 2556 XL,
1739 2511 1774 2548 5.

647 2596 792 2626 Vna-ome,
816 2595 899 2625 Caes„
918 2596 978 2627 XL,
993 2602 1023 2628 5:
1048 2597 1109 2622 Hoc
1134 2598 1228 2623 acrlor
1251 2597 1383 2624 Galerius
1411 2600 1458 2624 ad-

560 2644 633 2669 scito
658 2645 689 2669 ln
715 2644 871 2669 consillum
891 2644 988 2677 Jovio,
1012 2645 1158 2671 Licinium
1185 2648 1280 2671 vetere
1308 2648 1458 2681 cognitum

560 2693 689 2718 amicit-la
708 2692 857 2718 Caesarem
877 2696 952 2719 creat
971 2694 1141 2728 Augustum.

560 2804 677 2829 visibile
698 2805 741 2829 fra
760 2805 779 2828 l’
788 2805 815 2829 A
824 2812 842 2829 n
851 2813 868 2830 o
879 2806 976 2830 nimo
995 2813 1010 2830 e
1028 2806 1072 2839 gn
1085 2806 1153 2831 altrl
1167 2806 1220 2831 due
1239 2808 1344 2837 autori,
1357 2807 1457 2841 perche

560 2847 670 2871 altrove
683 2847 708 2871 sl
719 2846 809 2871 dovea
820 2855 929 2872 cercare
939 2848 961 2872 il
976 2850 1108 2874 contatto
1118 2856 1171 2873 con
1183 2848 1295 2879 Rufino,
1309 2850 1456 2875 lasciando

560 2888 596 2913 da
616 2890 696 2922 parte
715 2888 829 2914 Orosio.

649 2929 657 2946 ¹
676 2930 741 2955 Non
768 2932 806 2955 mi
833 2932 978 2956 nascendo
1003 2932 1032 2957 la
1057 2931 1195 2958 difficolt&
1221 2933 1272 2957 che
1302 2940 1384 2958 nasce
1410 2934 1456 2959 dal

519 2977 533 3004 5
559 2972 600 2996 De
613 2972 706 3001 Mart„
718 2970 762 3004 31,
779 2976 803 2997 1:
821 2973 861 2998 Ab
874 2974 919 2998 hoc
931 2974 995 2998 deus
1006 2974 1144 3007 religionis
1156 2981 1187 2998 ac
1194 2975 1291 3006 populi
1306 2977 1350 3000 sui
1360 2976 1458 3000 vindex

1601 2601 1764 2633 Eunomo,
1784 2603 1818 2634 X,
1838 2601 1864 2634 4,
1885 2608 1909 2628 ιε
1929 2611 1946 2628 3
1965 2603 2084 2630 Galerio
2102 2604 2234 2630 LicinIus
2252 2605 2408 2639 Imperator

1511 2651 1554 2674 est
1574 2650 1674 2680 factus,
1693 2651 1784 2676 Dacia
1803 2652 1952 2683 oriundus,
1972 2655 2057 2678 notus
2076 2653 2103 2678 el
2121 2654 2240 2686 antiqua
2259 2655 2407 2679 consuetu-
2443 2656 2468 2692 2„

1512 2698 1579 2723 dine
1597 2701 1625 2724 et
1644 2699 1731 2725 bello.

1510 2809 1595 2834 oculos
1614 2810 1651 2835 ad
1666 2809 1866 2836 Maximianum
1878 2812 1992 2836 alterum
2010 2812 2163 2842 transtulit,
2181 2812 2313 2844 adoniae
2319 2816 2408 2846 pese-

1510 2853 1623 2876 cationis
1641 2855 1782 2882 auctorem,
1796 2857 1827 2878 ut
1838 2855 1868 2878 in
1880 2862 1908 2879 eo
1926 2856 2006 2879 etiam
2023 2862 2086 2879 suae
2103 2856 2158 2879 vim
2170 2856 2315 2881 maieetun's
2326 2859 2408 2881 osten-
2462 2855 2464 2859 ’

1511 2893 1590 2917 deret.
1627 2894 1651 2918 11
1670 2896 1803 2919 contatto
1822 2894 1890 2928 pero
1904 2896 1929 2920 si
1947 2896 2045 2920 riduce
2064 2904 2080 2920 a
2099 2897 2188 2929 poche
2206 2898 2304 2930 parole
2321 2905 2337 2922 e
2349 2905 2408 2922 non
2448 2891 2467 2909 “”

1511 2934 1560 2959 all’
1569 2936 1661 2960 intero
1674 2936 1810 2969 periodo:
1823 2936 1883 2962 cosl
1898 2944 1966 2971 pure
1986 2938 2104 2969 qualche
2123 2939 2369 2964 ravviclnamento
2382 2940 2406 2964 si
2451 2927 2467 2960 ἶ

1511 2976 1548 3000 ha
1565 2977 1597 3001 in
1617 2976 1739 3008 Oxosm,
1759 2978 1820 3010 VH,
1838 2978 1881 3009 20,
1903 2983 1942 3004 1³:
1961 2980 2031 3004 iram
2049 2980 2096 3004 dei
2111 2987 2162 3004 esse
2176 2983 2287 3012 poenam
2305 2988 2387 3006 suam.
