2476 3516
577 893 729 927 ORIGO
757 892 1092 927 CONSTANTINI
1122 884 1455 927 IMPERATORIS

181 1196 210 1229 l.
231 1215 274 1220 —
298 1196 353 1240 [11.
376 1196 612 1230 Diocletianus
635 1207 714 1230 cum
737 1196 903 1230 Herculio
926 1196 1137 1230 Maximiano
1159 1197 1342 1239 imperavit
1363 1206 1471 1229 annos
1494 1206 1552 1229 xx.

64 1279 65 1282 ,
175 1249 407 1289 Constantius,
429 1249 501 1284 divi
524 1249 662 1284 Claudii
685 1251 803 1293 optimi
827 1251 993 1293 principis
1016 1261 1126 1293 nepos
1149 1261 1193 1283 ex
1215 1251 1334 1289 fratre,
1357 1256 1532 1293 protector
1554 1250 1711 1292 primum,
1727 1250 1809 1283 inde
1832 1250 1938 1283 tribu-

68 1312 166 1346 fnus,
187 1309 309 1347 postea
338 1314 480 1347 praeses
510 1303 757 1337 Dalmatiarum
789 1304 864 1337 fuit.
909 1303 979 1337 Iste
1009 1315 1088 1337 cum
1110 1303 1252 1337 Galerio
1282 1315 1304 1336 a
1334 1303 1551 1336 Diocletiano
1574 1302 1704 1336 Caesar
1734 1304 1847 1337 factus
1878 1310 1939 1337 est.

91 1357 231 1391 Relicta
253 1357 345 1390 enim
368 1356 504 1390 Helena
526 1357 642 1400 priore
665 1367 772 1390 uxore
794 1357 899 1389 filiam
922 1356 1123 1390 Maximiani
1146 1356 1368 1390 Theodoram
1391 1356 1489 1390 duxit
1503 1366 1655 1395 uxorem,
1672 1367 1715 1389 ex
1737 1367 1805 1400 qua
1821 1363 1941 1399 postea

91 1420 154 1444 sex
175 1409 314 1450 liberos,
337 1409 554 1444 Con-tantini
578 1411 715 1449 stanes,
738 1410 875 1443 habuit:
899 1409 962 1444 sed
984 1410 1030 1444 de
1053 1411 1168 1454 priore
1191 1420 1298 1443 uxore
1321 1410 1458 1443 Helena
1473 1409 1580 1442 filium
1595 1410 1663 1442 iam
1679 1409 1940 1443 Constantinum

60 1458 65 1466 ‘
91 1463 223 1503 habiit,
244 1464 305 1507 qui
328 1469 449 1507 postea
471 1463 636 1507 princeps
658 1463 913 1507 potentissimus
936 1463 1012 1497 fuit.

59 1607 64 1612 ,
181 1572 213 1604 2.
236 1589 278 1596 -
302 1571 359 1614 [21.
382 1571 451 1605 Hic
474 1572 579 1616 igitur
601 1571 857 1611 Constantinus,
880 1577 980 1605 natus
1001 1571 1148 1610 Helena,
1171 1577 1279 1604 matre
1304 1571 1477 1610 vilissima,
1500 1571 1537 1604 in
1552 1570 1682 1614 oppido
1697 1570 1823 1604 Naisso
1838 1577 1941 1614 atque

64 1658 67 1664 ,
93 1624 248 1664 eductis,
263 1624 359 1669 quod
373 1624 539 1668 oppidum
554 1631 675 1668 postea
689 1625 872 1670 magnifice
889 1625 1033 1664 ornavit,
1048 1625 1171 1659 litteris
1186 1625 1297 1658 minus
1312 1625 1507 1664 instructus,
1524 1624 1626 1658 obses
1640 1624 1735 1667 apud
1757 1624 1943 1658 Diocletia-

66 1722 68 1724 Υ
93 1688 174 1711 num
197 1684 233 1712 et
254 1677 443 1717 Galerium,
466 1678 530 1711 sub
553 1678 676 1712 iisdem
700 1679 835 1712 fortiter
857 1679 895 1711 in
908 1678 994 1711 Asia
1009 1678 1177 1712 militavit.
1222 1677 1348 1717 Quem,
1363 1684 1442 1722 post
1457 1678 1652 1721 depositum
1666 1678 1848 1720 imperium
1863 1678 1944 1711 Dio-

93 1731 233 1765 cletiani
257 1738 292 1765 et
306 1731 462 1771 Herculi,
477 1731 698 1765 Constantius
713 1743 734 1765 a
749 1731 890 1765 Galerio
906 1732 1043 1775 repetit.
1076 1732 1135 1774 [3].
1153 1731 1224 1765 Sed
1240 1732 1332 1765 hunc
1354 1731 1514 1764 Galerius
1536 1731 1665 1771 obiecit
1687 1737 1766 1764 ante
1790 1731 1944 1774 pluribus

71 1791 73 1793 “
93 1785 274 1828 pet-iculi„
289 1796 370 1819 nam
381 1791 418 1819 et
431 1786 469 1818 in
483 1784 659 1819 Sarmatas
673 1786 808 1818 iuvenis
823 1786 993 1829 equestris
1007 1785 1157 1818 militans
1173 1785 1328 1818 ferocem
1344 1785 1527 1818 barbarum
1542 1785 1678 1828 capillis
1693 1785 1796 1818 tentis
1812 1791 1946 1827 raptum

94 1844 176 1872 me
198 1838 309 1882 pedes
330 1838 463 1872 Galerii
478 1839 697 1882 imperatoris
712 1838 915 1872 adduxerat.
961 1838 1097 1872 Deinde
1120 1838 1262 1872 Galerio
1277 1839 1432 1872 mittente
1449 1849 1513 1881 per
1528 1838 1691 1881 paludem
1708 1848 1798 1881 equo
1813 1838 1946 1882 ingres-

60 1897 66 1914 ³
93 1901 152 1926 sus
172 1902 236 1926 suo
258 1892 349 1925 viam
372 1892 499 1925 ceteris
522 1892 610 1926 fecit
631 1892 678 1925 ad
700 1890 886 1931 Sarmatas,
909 1903 953 1925 ex
975 1892 1100 1935 quibus
1123 1892 1278 1934 plurimis
1293 1892 1407 1925 stratis
1430 1891 1572 1924 Galerio
1589 1891 1768 1924 victoriam
1791 1897 1946 1933 reporta-

95 1945 154 1979 vit.
168 1944 227 1988 [4]-
261 1944 364 1979 Tunc
379 1956 458 1979 eum
473 1945 634 1979 Galerius
650 1946 739 1989 patri
761 1945 909 1984 remisit3
926 1945 997 1989 qui,
1012 1951 1050 1978 ut
1063 1944 1232 1978 Severum
1247 1956 1311 1988 per
1325 1945 1459 1979 Italiam
1481 1945 1651 1978 transiens
1667 1945 1801 1982 vitaret,
1817 1955 1948 1977 summa

69 2014 73 2042 j
94 1998 315 2032 {efflatione
338 1998 476 2032 veredis
498 2004 577 2041 post
599 2009 636 2031 se
660 1998 841 2032 'truncatis
863 1998 973 2041 Alpes
995 2004 1228 2042 transgressus
1251 1998 1298 2031 ad
1320 2004 1454 2041 patrem
1476 1997 1714 2031 Constantium
1737 1997 1832 2030 venit
1853 1997 1946 2040 apud

71 2071 73 2073 -
95 2049 296 2090 Bononiam,
319 2061 422 2095 quam
444 2050 538 2084 Galli
561 2051 656 2094 prius
678 2050 904 2084 Gesoriacum
927 2050 1109 2084 vocabant.
1154 2050 1237 2084 Post
1252 2051 1431 2084 victoriam
1453 2057 1568 2084 autem
1591 2049 1766 2083 Pictorum
1781 2049 1950 2083 Constan—

95 2103 162 2138 tius
183 2110 284 2148 pater
305 2104 455 2138 Eboraci
478 2110 631 2138 mortuus
654 2110 707 2138 est
729 2110 765 2138 et
786 2103 1042 2143 Constantinus,
1066 2104 1216 2137 omnium
1238 2104 1382 2138 militum
1405 2115 1586 2143 consensu,
1608 2102 1740 2137 Caesar
1763 2110 1910 2137 creatus.

183 2211 216 2244 3.
231 2229 274 2234 -
290 2210 350 2254 [5].
363 2210 502 2245 Interea
524 2210 694 2244 Caesares
716 2210 786 2245 duo
802 2211 898 2250 facti,
912 2209 1064 2244 Severus
1079 2216 1115 2244 et
1136 2210 1361 2244 Maximinus:
1383 2210 1572 2244 Maximino
1593 2210 1712 2244 datum
1728 2216 1781 2244 est
1796 2209 1948 2243 Orientis

96 2263 292 2307 imperium3
315 2263 476 2299 Galerius
498 2264 564 2298 sibi
587 2264 775 2309 Illyricum,
797 2264 967 2298 Thracias
991 2270 1026 2297 et
1047 2263 1246 2308 Bithyniam
1268 2264 1379 2297 tenuit
1386 2276 1395 2302 ;
1417 2263 1568 2297 Severus
1584 2264 1736 2306 suscepit
1757 2263 1891 2296 Italiam
1914 2268 1950 2295 et

69 2317 261 2361 -'quicquid
282 2317 467 2352 Herculius
490 2317 679 2352 obtinebat.
712 2317 771 2360 [6].
786 2317 973 2361 Postquam
988 2327 1072 2351 vero
1087 2317 1307 2351 Constantius
1322 2318 1359 2350 in
1373 2317 1553 2351 Britannia·
1566 2323 1718 2351 mortuus
1734 2322 1787 2350 est
1809 2323 1844 2350 et
1859 2316 1950 2349 Con-

64 2412 66 2414 >
96 2371 265 2404 mutium
285 2371 377 2404 filius
397 2371 575 2410 successit,
596 2370 710 2404 subito
733 2371 771 2403 in
792 2370 878 2403 urbe
901 2370 1016 2404 Roma
1038 2371 1247 2413 praetoriani
1270 2370 1395 2404 milites
1418 2370 1642 2409 Maxentium,
1665 2370 1772 2403 filium
1795 2369 1949 2407 Herculi,

70 2466 72 2470 v
97 2422 340 2467 imperatorem
362 2430 542 2458 crearunt:
562 2423 628 2458 sed
650 2423 835 2457 adversim
857 2423 1072 2457 Maxentium
1094 2424 1188 2456 iussu
1216 2423 1336 2456 Galeri
1358 2422 1510 2457 Severus
1539 2423 1637 2457 duxit
1660 2423 1860 2461 exercitum,
1890 2422 1948 2465 qui

98 2483 242 2520 repente
264 2477 310 2510 ab
332 2477 490 2511 omnibus
513 2478 582 2511 suis
605 2476 762 2511 desertus
778 2483 831 2510 est
846 2482 882 2510 et
896 2476 1101 2510 Ravennam
1125 2477 1225 2521 fugit.
1259 2476 1317 2519 [7].
1333 2477 1469 2510 Dehinc
1485 2476 1645 2510 Galerius
1661 2487 1739 2510 cum
1754 2475 1951 2521 ingentibus

66 2525 71 2552 J
99 2530 208 2573 copiis
230 2530 379 2564 Romam
394 2531 489 2565 venit
511 2531 658 2564 minatus
674 2531 822 2563 civitatis
843 2530 1019 2563 interitum
1034 2536 1070 2563 et
1085 2536 1198 2563 castra
1213 2529 1430 2563 Interamnae
1445 2530 1492 2563 ad
1508 2530 1664 2563 Tiberim
1680 2531 1804 2573 posuit.
1850 2530 1951 2562 Tunc

59 2586 71 2618 ,Γ
97 2582 231 2628 legatos
253 2583 299 2617 ad
321 2583 443 2618 urbem
464 2583 556 2618 misit
578 2583 750 2617 Licinium
773 2589 809 2616 et
830 2581 981 2616 Probum
1004 2593 1068 2626 per
1083 2583 1303 2627 conloquium
1324 2589 1457 2626 petens,
1474 2589 1511 2617 ut
1534 2593 1644 2628 gener
1666 2583 1760 2626 apud
1783 2593 1950 2620 socerum,

24 2755 26 2757 -
191 2742 216 2762 2.
233 2736 410 2763 dioclltanus
427 2738 462 2767 Β,
476 2738 526 2770 pol
541 2740 641 2770 sempre
659 2737 772 2763 dicent.
792 2751 825 2756 —-
845 2744 870 2771 3,
888 2737 984 2762 claudi
1002 2737 1047 2767 B,-
1066 2737 1174 2764 claudii
1192 2736 1256 2763 8¹·
1275 2751 1286 2757 -
1306 2745 1395 2772 nepus
1412 2737 1439 2763 B
1457 2751 1491 2757 —
1505 2745 1560 2771 3-4.
1579 2738 1648 2763 Inde
1666 2736 1811 2769 tribunus]
1825 2737 1950 2763 lntribus

23 2784 26 2789 ’
63 2810 66 2811 ⁷
101 2777 128 2803 B
144 2791 178 2798 -
197 2786 223 2812 4.
240 2779 364 2813 gallerlo
380 2779 407 2804 B
427 2794 459 2798 —
472 2787 498 2814 5.
516 2778 646 2805 “elena
658 2780 702 2809 Β,·
721 2793 731 2798 -
745 2780 922 2805 maximiano
935 2779 962 2804 B
968 2789 980 2809 ,·
998 2781 1168 2813 maximiani
1186 2778 1232 2805 8²
1245 2795 1279 2800 —
1291 2779 1318 2806 6.
1336 2780 1418 2806 abuit
1435 2780 1479 2809 Β,·
1497 2780 1598 2812 habult
1617 2778 1661 2804 Β*
1675 2795 1707 2799 -
1722 2786 1746 2813 7.
1766 2780 1950 2813 pontentissi-

23 2826 26 2828 '
69 2844 72 2847 .
103 2827 164 2847 mus
175 2821 203 2846 B
214 2835 247 2840 —
261 2820 287 2847 8.
305 2822 388 2848 nalso
405 2821 434 2846 B
445 2837 478 2843 —
490 2830 516 2856 9.
535 2822 645 2848 edictos
663 2822 709 2851 Β,·
726 2822 844 2848 eductus
861 2819 906 2846 B*
919 2836 930 2842 -
943 2822 1109 2856 magnificae
1127 2823 1153 2847 B
1171 2835 1182 2842 -
1201 2823 1346 2848 lntructus
1358 2823 1385 2847 B
1403 2837 1436 2841 —
1455 2829 1530 2857 9-10.
1549 2822 1725 2848 dloclltIano
1743 2823 1788 2851 B:
1807 2822 1951 2847 dioclitIa-

61 2866 66 2892 ⁴,
103 2870 172 2889 num
189 2861 252 2889 ΒΗ)
265 2878 299 2884 -
315 2871 355 2891 ιο.
373 2864 525 2899 gallen-lum
542 2865 586 2894 Β,·
604 2864 745 2899 galerium
763 2863 808 2890 8³
820 2878 832 2885 ·
845 2866 896 2891 sub
914 2864 1028 2898 undem]
1047 2865 1159 2898 sediliis
1177 2866 1255 2891 enlm
1267 2865 1295 2890 B
1312 2879 1323 2884 -
1343 2873 1395 2899 pos
1413 2865 1440 2890 B
1453 2880 1486 2885 —
1502 2872 1543 2891 12.
1556 2866 1709 2898 sequestris
1722 2865 1748 2889 B
1761 2879 1793 2883 -—
1810 2872 1850 2897 13.
1869 2865 1952 2898 pedes

62 2941 64 2944 y
103 2906 155 2932 sub
173 2906 200 2932 B
217 2919 228 2925 -
245 2907 427 2942 paulumdem
446 2907 490 2936 Β,·
509 2907 640 2941 paludem
659 2905 704 2932 8³
718 2921 751 2926 —-
767 2907 808 2933 16.
828 2908 1042 2934 festinationem
1060 2908 1086 2933 Β
1099 2921 1110 2927 -
1122 2907 1163 2941 se]
1177 2908 1243 2933 reB
1255 2921 1265 2927 -
1278 2909 1414 2934 truccasss
1433 2908 1459 2932 B
1471 2923 1504 2927 —-
1520 2915 1561 2942 17.
1579 2915 1750 2941 gesumacon
1770 2909 1796 2932 B
1808 2920 1820 2927 -
1834 2907 1953 2932 vocabat

70 2952 73 2970 ῑ
102 2947 148 2978 Β,·
167 2949 307 2974 vocabant
325 2947 366 2974 3¹
375 2947 387 2964 ¹¹
399 2963 410 2968 -
423 2949 605 2984 plctagorum
616 2950 644 2974 B
656 2963 688 2968 —
706 2949 746 2975 18.
764 2951 863 2976 evoral
875 2951 902 2975 B
914 2965 947 2970 —
962 2957 1004 2976 20.
1022 2951 1150 2984 hyricum
1163 2951 1207 2980 B,-
1219 2950 1373 2984 hyliricum
1385 2948 1430 2975 82
1443 2963 1454 2969 -
1467 2950 1591 2976 trachlas
1611 2950 1636 2974 B
1648 2963 1659 2969 -
1673 2950 1833 2984 bythlnxam
1845 2949 1872 2974 B
1884 2962 1895 2968 -
1907 2948 1954 2974 Se-

69 3015 71 3017 ,
105 2989 347 3025 νεηιΙῙΙτεναηιιι
365 2991 392 3016 Β
404 3005 436 3010 -
456 2997 499 3017 21.
518 2992 662 3018 obtinebit
680 2992 725 3022 Β,·
742 2992 891 3019 obtinebat
908 2991 954 3018 B‘
966 3007 999 3012 —
1014 2998 1056 3019 22.
1075 2993 1252 3027 praetia-iani
1265 2992 1291 3016 B
1311 3006 1343 3010 —
1364 2998 1406 3026 ²3·
1425 2992 1504 3017 iusso
1522 2992 1565 3021 Β,·
1584 2993 1664 3017 Iussu
1683 2992 1727 3016 B*
1746 3005 1756 3010 -
1775 2991 1853 3017 dixit
1865 2991 1891 3015 B
1910 3003 1942 3008 —

69 3051 71 3055 .
107 3037 149 3066 ²4·
168 3039 214 3058 sm
225 3033 270 3062 Β,·
287 3034 323 3059 ab
341 3032 382 3058 3¹
393 3031 405 3050 b
419 3047 430 3053 -
443 3040 571 3059 ravenna
583 3034 628 3063 Β,·
647 3041 801 3061 ravennam
818 3032 863 3059 8³
881 3048 893 3055 -
911 3035 973 3068 figit
991 3035 1036 3064 B,-
1055 3035 1131 3069 fugit
1149 3033 1195 3060 B²
1213 3048 1224 3054 ·
1242 3034 1378 3068 gallerius
1397 3034 1423 3058 B
1436 3048 1468 3053 —
1483 3040 1525 3068 25.
1544 3035 1734 3060 luten-mnae
1751 3034 1778 3058 B
1790 3047 1800 3052 -
1813 3031 1861 3065 ad]
1881 3039 1913 3058 ac
1930 3032 1957 3057 B

2010 1207 2088 1232 Μυκη
2103 1208 2142 1232 635

2022 2007 2099 2031 Mun..
2115 2009 2154 2032 636
