2476 3516
649 194 804 231 STUDI
831 192 1022 231 CRITICI
1049 192 1401 229 PRELIMINARI
1440 203 1445 207 ·

4 322 12 343 ³
42 319 46 353 .'
76 328 182 377 nitro
208 327 464 368 ordinamento
491 327 692 365 dovessero
716 337 829 364 avere
858 327 870 361 i
897 326 1104 362 frammenti
1132 325 1193 371 nel
1219 331 1317 362 testo
1336 326 1535 374 originario
1555 337 1575 361 e
1600 324 1941 372 presumibilmente

73 419 77 425 ι
98 412 138 427 ··--
158 407 289 444 ¹corpo
316 393 494 442 integrale
523 394 584 432 del
612 398 792 431 racconto
821 394 1023 430 dovessero
1052 394 1129 429 cosi
1157 393 1383 440 susseguirsi,
1405 390 1467 439 27,
1497 400 1606 437 83-843
1635 392 1696 438 29,
1727 398 1944 436 88-89-90-913

78 459 154 509 '28,
181 469 228 508 85,
249 469 296 506 86,
316 468 370 508 873
399 461 462 508 30,
482 468 518 496 92
526 472 537 509 3
566 461 631 507 31,
651 469 686 498 93
699 460 724 498 ¹.
778 460 819 496 In
837 460 887 496 tal
907 459 1024 497 modo
1041 460 1070 495 si
1089 459 1353 507 spiegherebbe
1381 460 1472 496 assai
1501 460 1595 495 bene
1614 459 1640 494 il
1658 456 1799 494 rediens
1826 457 1946 508 igitur

75 511 160 569 'dely
179 539 260 575 cap.
289 527 353 574 29,
382 535 438 575 893
465 529 491 564 il
514 530 604 575 post
627 528 716 564 haec
742 526 862 573 coepit
886 526 1060 563 adversus
1096 526 1285 563 Romanos
1319 537 1388 562 rex
1421 526 1572 563 subinde
1587 527 1770 575 fremere,
1800 525 1867 562 che
1896 525 1944 560 ri-

82 594 298 637 'eniterebbe
328 607 402 631 non
429 594 610 643 superflua
636 594 866 643 ripetizione,
895 605 958 629 ma
984 593 1147 629 naturale
1176 593 1425 641 integrazione
1454 592 1513 629 del
1542 598 1736 629 raccont0:
1767 604 1788 628 e
1817 591 1893 628 cosi
1913 592 1943 626 si

80 660 354 711 ⁵q>iegherebbe
382 673 474 709 pure
503 661 528 697 il
558 673 638 710 cap.
669 661 732 706 30,
752 669 799 707 92,
821 660 888 696 che
918 661 994 696 cosi
1015 658 1137 696 com'e
1166 671 1231 695 ora
1258 660 1317 696 nel
1336 664 1434 696 testo
1461 673 1536 696 non
1552 659 1600 695 ha
1626 671 1744 696 senso.
1800 659 1849 695 Se
1869 671 1944 694 non

70 727 159 772 nhc
184 728 217 764 si
243 728 456 764 obbiettera
482 729 549 765 che
578 728 603 764 il
630 739 805 775 processo
832 727 1014 764 boeziano
1042 727 1227 764 comincio
1254 726 1404 774 proprio
1432 738 1454 762 a
1481 727 1632 763 Verona
1659 739 1679 762 e
1706 726 1735 761 si
1763 722 1944 774 potrebbe

79 793 167 838 :dite
195 794 263 831 che
282 794 342 831 col
370 807 495 832 nuovo
513 795 771 831 ordinamento
798 794 1007 831 s'arrischia
1025 794 1063 830 di
1093 798 1335 830 commettere
1357 805 1405 828 un
1432 793 1701 829 anacronismo.
1756 793 1832 838 No,
1853 792 1943 828 dav-

73 871 192 907 ‘XerQ
221 861 256 898 le
282 861 410 909 parole
439 861 759 898 dell'Anonimo
786 873 879 898 sono
907 861 970 897 tali
1000 862 1067 897 che
1095 865 1226 897 stanno
1253 860 1348 896 bene
1376 860 1493 896 anche
1521 872 1560 896 se
1589 865 1686 896 tutto
1714 859 1738 894 il
1767 865 1944 895 racconto

77 926 270 967 boeziam
296 939 410 975 segue
437 927 472 963 al
501 940 582 976 cap.
604 928 666 975 29,
686 936 734 964 91.
789 928 879 964 Non
908 932 928 964 e
949 927 1053 964 detto
1080 927 1201 964 infatti
1220 926 1280 964 nel
1298 931 1395 963 testo
1415 927 1482 963 che
1500 927 1618 963 allora
1634 925 1715 963 solo
1732 926 1758 962 il
1777 938 1816 962 re
1835 925 1946 961 abbia

78 993 235 1038 Tsiniziato
262 994 289 1030 il
315 1006 503 1042 processe,
532 1005 593 1030 ma
620 994 687 1031 che
716 995 863 1031 avendo
891 998 1037 1030 trovata
1064 993 1322 1030 un'occasione
1350 995 1517 1042 propizia
1545 993 1710 1044 (inventa
1735 990 1943 1042 occasione)

80 1061 274 1103 =1comineio
301 1072 324 1096 a
340 1062 512 1110 fremere
540 1066 672 1098 contro
698 1063 711 1097 i
731 1061 904 1107 Romani,
934 1073 955 1096 e
976 1049 1057 1097 cioe
1085 1061 1217 1096 sfruttb
1237 1071 1309 1096 una
1336 1061 1536 1098 situazione
1556 1061 1623 1098 che
1641 1060 1693 1109 gli
1712 1072 1774 1096 era
1792 1072 1945 1107 apparsa

63 1116 73 1174 J
89 1127 304 1167 favorevole
332 1139 398 1175 per
425 1128 571 1175 sfogare
600 1129 636 1164 la
662 1140 726 1164 sua
754 1128 808 1164 ira
836 1133 967 1164 contro
994 1128 1007 1163 i
1035 1128 1210 1165 Romani.
1264 1129 1547 1165 Naturalmente
1584 1127 1842 1164 l’Anonimo
1879 1138 1945 1175 per

64 1190 254 1242 fspiegare
281 1194 308 1230 ii
324 1196 496 1244 fremere
523 1194 675 1231 dovette
694 1207 762 1242 pur
781 1196 861 1231 dire
889 1193 986 1244 qual’
995 1206 1057 1231 era
1084 1199 1213 1242 questa
1240 1196 1437 1231 occasione
1458 1208 1478 1231 e
1506 1195 1697 1242 spiegarne
1716 1194 1767 1241 gli
1794 1199 1945 1230 antece-

63 1247 71 1295 ¹.
91 1261 204 1306 denti,
234 1261 271 1297 di
301 1262 360 1297 cui
388 1260 445 1297 del
473 1265 573 1297 resto
600 1261 764 1297 riferisce
792 1261 842 1308 gli
871 1261 1044 1297 elementi
1074 1262 1111 1298 di
1140 1261 1232 1297 fatto
1259 1274 1280 1297 e
1308 1274 1384 1297 non
1411 1262 1449 1298 di
1475 1265 1605 1308 tempo
1633 1273 1653 1296 e
1682 1261 1719 1297 di
1749 1261 1873 1307 luogo.

56 1315 65 1337 ⁷
176 1328 218 1364 In
245 1327 377 1377 breve:
407 1328 620 1364 Teoderico
648 1340 671 1364 a
697 1329 847 1364 Verona
874 1339 966 1363 avea
993 1332 1106 1364 avuto
1134 1327 1169 1363 la
1188 1328 1372 1364 denuncia
1400 1332 1530 1364 contro
1559 1328 1701 1363 Albino
1721 1327 1769 1364 ed
1795 1328 1945 1363 iniziato

55 1388 60 1432 ’.
89 1394 116 1431 il
141 1405 327 1443 processo,
357 1406 379 1430 a
405 1395 557 1431 Verona
584 1406 677 1430 avea
703 1395 886 1431 ascoltato
911 1395 1065 1439 Boezio,
1096 1406 1155 1430 ma
1182 1406 1317 1430 ancora
1345 1406 1419 1430 non
1446 1406 1539 1431 avea
1568 1394 1758 1441 compiuto
1787 1394 1854 1430 atti
1882 1393 1945 1430 tali

90 1461 138 1499 da
163 1461 385 1509 giustificare
414 1461 439 1499 il
456 1463 629 1512 fremere
665 1461 996 1498 dell’Anonimo.
1044 1462 1113 1497 ‘Lo
1149 1460 1398 1508 svolgimento
1434 1462 1647 1497 successivo
1679 1461 1739 1497 del
1767 1472 1943 1508 processo

52 1523 66 1570 ’,
89 1530 258 1576 esaspero
287 1527 322 1564 la
348 1529 492 1564 fazione
521 1528 711 1573 cattolica,
741 1540 802 1564 ma
822 1529 882 1564 cib
901 1540 1071 1564 avvenne
1090 1527 1246 1573 altrove,
1265 1527 1397 1576 poiche
1425 1527 1460 1563 la
1488 1528 1669 1564 denunzia
1688 1532 1820 1564 contro
1846 1528 1945 1564 Boe-

63 1579 69 1595 η’
89 1595 149 1631 zio
165 1594 205 1630 fu
221 1594 388 1631 raccolta
414 1607 436 1632 a
462 1596 644 1631 Ravenna
656 1594 681 1641 ²,
703 1607 775 1630 ove
794 1594 961 1631 l’azione
988 1594 1206 1643 giudiziaria
1223 1595 1327 1641 segui
1354 1594 1380 1629 il
1407 1606 1474 1630 suo
1503 1606 1623 1640 corso,
1643 1600 1785 1630 mentre
1805 1594 1855 1642 gli
1882 1607 1945 1631 ac-

61 1699 64 1715 ὶ
91 1662 204 1697 cusati
231 1671 343 1698 erano
360 1662 443 1698 stati
471 1662 685 1698 allontanati
704 1662 751 1698 da
771 1662 921 1716 Verona
939 1673 1006 1708 per
1024 1673 1123 1698 esser
1140 1661 1311 1698 trasferiti
1339 1673 1361 1697 a
1377 1661 1491 1697 Pavia
1503 1660 1530 1697 3.
1583 1661 1617 1697 E
1637 1661 1674 1698 lo
1701 1667 1817 1698 stesso
1835 1673 1944 1708 passo

12 2483 14 2485 '
50 2483 55 2508 i
90 2486 223 2515 πίῃ-1051
241 2483 396 2511 meministi,
414 2484 538 2515 inquam,
562 2483 686 2511 Veronae,
706 2490 765 2507 cum
783 2490 888 2509 rex-n.
961 2520 964 2523 Ι

10 2531 11 2534 ’
45 2549 47 2551 ,
87 2523 163 2548 atatis
179 2524 280 2548 crimen
300 2524 331 2548 in
349 2524 490 2553 Albinum,
508 2525 559 2555 ivi,
582 2530 712 2549 120-121=
736 2524 818 2549 Nunc
834 2526 987 2558 quingentis

179 1847 189 1866 ¹
208 1849 347 1875 Tuttavla
374 1857 433 1875 non
459 1850 497 1875 ho
523 1852 606 1876 osato
631 1853 746 1876 toccare
764 1850 988 1876 l'ordinamento

57 1904 73 1910 ··
89 1889 279 1917 tredizionale
298 1891 344 1917 dei
368 1892 541 1922 frammenti,
561 1891 663 1926 poiche
682 1892 711 1917 la
729 1893 787 1917 mla
805 1891 829 1917 e·
839 1899 895 1917 una
921 1900 988 1917 con-

64 1931 66 1934 ’
89 1933 211 1966 gestura,
229 1940 245 1958 e
263 1941 312 1966 per
337 1933 491 1958 l'edizione
511 1933 538 1958 la
558 1934 623 1959 base
649 1934 719 1958 deve
736 1941 811 1958 esser
837 1934 988 1959 costituita

66 1982 73 1995 ¹,
89 1974 139 2000 dai
157 1975 260 2006 codici,
279 1975 330 2000 che
349 1977 453 2000 stanno
472 1978 586 2001 contro.

66 2011 67 2014 “
178 2016 190 2034 ²
209 2018 266 2051 Dal
275 2019 317 2043 De
330 2018 417 2048 Cone„
426 2018 448 2050 Ι,
458 2026 499 2052 pr.
511 2025 551 2051 xv,
563 2026 595 2053 55
607 2027 676 2052 sgg.,
686 2020 710 2044 si
721 2019 811 2044 flleva
820 2019 871 2044 che
881 2019 989 2053 l'opera

61 2063 65 2078 -'
89 2060 136 2086 dei
150 2061 273 2087 delatori
287 2063 391 2088 contro
404 2062 510 2088 Boezio
524 2063 549 2087 si
561 2063 657 2088 svolse
669 2070 686 2088 a
699 2063 847 2088 Ravenna.
883 2062 988 2087 Insatti

60 2100 70 2109 ”
89 2103 196 2129 BoezIo
221 2104 283 2129 ἀίω
308 2105 358 2129 che
383 2111 442 2130 non
468 2105 595 2130 volendo
621 2104 760 2138 OpilIone
779 2112 793 2129 e
813 2103 988 2134 Gaudenzio‚

88 2144 198 2179 eolplti‘
211 2146 324 2172 d’eemo
342 2153 392 2180 per
410 2146 437 2172 le
455 2147 521 2172 loro
540 2147 760 2172 malversazioni
777 2148 853 2179 regia
865 2154 988 2175 censura,

89 2188 223 2214 obhedire
241 2188 394 2214 ali'ordine
407 2190 486 2223 regio
500 2197 515 2214 e
528 2190 680 2215 tenendosi
698 2189 772 2214 nelle
786 2189 902 2223 proprie
916 2196 987 2220 case,

54 2242 56 2245 ·
89 2229 112 2255 11
130 2237 160 2256 re
177 2231 272 2260 earm,
291 2234 333 2260 ut,
346 2232 378 2256 ni
387 2232 462 2256 intra
477 2233 672 2264 praescripmm
691 2232 761 2256 diem
779 2231 906 2256 Ravenna
924 2232 988 2255 urbe

55 2266 63 2298 ’,
89 2272 251 2302 decederent,
269 2275 344 2298 notas
354 2273 626 2306 twpmfronam
633 2274 806 2306 pellerentur.
841 2273 915 2304 Quid
926 2273 988 2297 tuac

63 2335 64 2338 ,
87 2315 223 2338 mmm!
228 2317 302 2346 posse
314 2315 404 2340 astrui
413 2315 520 2340 videtur
528 2315 541 2339 Ρ
558 2316 646 2347 Atqui
656 2316 686 2339 in
699 2322 727 2339 eo
743 2315 798 2343 die,
811 2313 988 2346 deferentibus

50 2370 54 2373 ·
89 2355 197 2385 dudem,
217 2357 334 2382 nominis
352 2358 438 2382 nostri
454 2356 551 2382 delatio
568 2359 686 2389 Μαρία
706 2359 751 2381 est.

61 2431 62 2434 Ἰ
175 2395 188 2413 ⁸
209 2397 317 2427 neoc..
335 2396 381 2430 28,
400 2402 442 2424 87:
466 2397 527 2425 cosi
554 2399 676 2424 intendo
698 2399 720 2423 il
739 2405 833 2432 passo,
858 2399 890 2424 in
916 2399 987 2423 rela-

88 2439 171 2465 zione
189 2446 206 2464 a
224 2442 334 2472 quanto
348 2441 410 2466 dice
423 2441 453 2466 lo
466 2443 556 2466 stesso
569 2441 683 2471 Boezio,
697 2442 738 2466 De
755 2441 842 2470 Com„
854 2441 876 2471 Ι,
890 2448 932 2474 pr.
946 2448 986 2471 zv,

907 2491 986 2508 maze-

15 2554 19 2555 ⁷
48 2565 51 2573 ²
62 2559 63 2562 ¹
80 2562 145 2596 sere
150 2567 278 2597 passuum
288 2565 398 2590 milibus
403 2566 500 2598 procul
509 2567 582 2590 muti
590 2569 669 2598 atque
682 2565 826 2597 indefensi.
879 2567 987 2591 damna-

8 2598 10 2602 ’
47 2599 51 2610 ³
87 2613 156 2632 nur.
193 2605 300 2633 Peleia>
319 2614 348 2632 se
365 2606 380 2632 ὲ
399 2615 469 2633 vero
488 2608 539 2633 che
563 2607 784 2633 l’Anonimo
809 2608 846 2633 ha
864 2608 930 2633 suso
954 2609 986 2633 in

6 2670 13 2682 :4
44 2681 47 2685 .
87 2654 127 2673 un
146 2649 190 2674 soi
208 2651 345 2675 racconto
365 2650 503 2675 momenti
517 2650 625 2675 diversi
644 2649 692 2682 (cs.
712 2649 864 2680 Gamo-no,
876 2653 915 2682 op.
929 2651 986 2679 cit„

8 2685 19 2698 “’
53 2715 54 2718 ,
88 2697 116 2724 p.
133 2690 207 2724 441),
225 2697 285 2716 non
297 2689 314 2717 ὲ
325 2690 395 2726 pero
408 2692 521 2717 escluso
541 2690 576 2717 ne
595 2691 726 2717 Pax-resto
744 2700 761 2717 a
780 2692 902 2724 Verona,
917 2691 951 2718 ne
963 2693 986 2718 11

87 2732 300 2758 tentamento
319 2740 336 2758 a
353 2733 453 2766 PavIa,
472 2741 526 2759 ove
544 2734 577 2758 fu
596 2742 656 2759 non
675 2734 800 2767 relegato
818 2735 851 2760 in
874 2735 985 2768 seguito

6 2791 14 2809 ,ζ
87 2781 105 2800 ι
122 2775 253 2800 nentenza
272 2775 317 2800 del
331 2777 440 2807 senato,
454 2783 499 2800 ma
518 2783 627 2809 sempre
645 2778 804 2802 trattenuto
823 2777 854 2802 in
867 2778 985 2803 arresto.

4 2811 10 2844 ἶ
54 2830 56 2845 ς
88 2814 148 2842 Che
165 2817 191 2841 ⁸1
209 2817 292 2842 tratti
310 2817 341 2842 di
366 2819 475 2843 arrato
493 2825 509 2843 e
529 2825 587 2843 non
608 2818 638 2843 di
657 2818 842 2852 relegazione,
860 2820 900 2844 mi
919 2826 986 2853 pare

44 2866 53 2883 :.
87 2858 184 2884 ruulti
197 2858 274 2884 dalle
286 2859 384 2892 parole
396 2859 474 2884 dello
494 2862 584 2885 stesso
603 2862 711 2892 autore,
730 2862 781 2892 ivi,
804 2868 934 2895 117-1202
953 2863 987 2886 Si

13 2917 14 2920 η
61 2908 69 2915 =·
87 2899 253 2932 {njhmmre
271 2908 360 2925 sacras
377 2902 453 2926 aedes
469 2901 593 2931 voluisse,
611 2903 638 2926 ,τί
652 2903 795 2927 sacerdotes
811 2904 892 2935 impio
904 2904 986 2936 lngu-

4 2961 10 2965 .
43 2940 58 2990 ’ἒ
88 2940 145 2966 Ine
158 2941 262 2975 gladio,
286 2943 312 2967 si
335 2943 408 2968 bonis
427 2944 547 2968 omnibus
571 2951 658 2968 necem
675 2945 803 2970 strumltse
826 2946 984 2975 diceremur,

1037 1853 1202 1882 praesentem
1213 1853 1301 1875 tamen
1313 1851 1443 1876 sententia
1454 1850 1600 1882 confessum
1609 1853 1804 1882 convictumque
1813 1851 1943 1882 punisset.

1042 1893 1122 1918 Nunc
1135 1894 1289 1926 quingentis
1292 1892 1357 1924 fere
1364 1897 1493 1925 passuum
1506 1894 1621 1919 milibus.
1630 1911 1637 1918 .
1646 1911 1653 1918 .
1662 1911 1669 1919 .
1683 1894 1765 1918 morti
1772 1893 1944 1925 proscriptio-

1042 1936 1124 1967 nique
1141 1937 1319 1961 damnamur.-
1339 1936 1363 1960 11
1382 1936 1433 1960 che
1451 1936 1521 1961 vuol
1540 1936 1602 1961 dire
1620 1937 1680 1967 che,
1701 1937 1809 1961 mentre
1822 1935 1943 1961 l’autore

1042 1978 1181 2009 scriveva,
1191 1978 1219 2002 la
1230 1979 1360 2003 sentenza
1372 1985 1420 2003 era
1432 1979 1508 2003 stata
1521 1985 1635 2009 emessa,
1646 1986 1692 2003 ma
1702 1979 1785 2011 iungi
1795 1978 1842 2002 dal
1854 1978 1943 2010 luogo

1043 2018 1219 2043 dell’arresto
1239 2019 1439 2044 den‘accusato
1458 2026 1473 2043 e
1493 2018 1521 2043 la
1538 2021 1670 2045 sentenza
1688 2027 1736 2045 era
1750 2019 1882 2053 capitale.
1918 2019 1942 2043 ΙΙ

1043 2059 1171 2085 Gabotto
1194 2059 1245 2093 (op.
1263 2061 1321 2085 cit..
1340 2068 1368 2094 p.
1387 2061 1451 2094 451)
1478 2068 1535 2086 non
1561 2061 1646 2087 credo
1665 2069 1682 2086 a
1701 2061 1820 2095 ragione
1843 2061 1942 2094 voglia

1042 2102 1219 2135 distinguere
1231 2104 1330 2135 questa
1349 2103 1385 2128 da
1398 2103 1502 2135 quella,
1515 2104 1561 2128 eui
1574 2111 1699 2129 accenna
1718 2103 1773 2128 i’A
1782 2111 1800 2127 n
1811 2111 1853 2128 on
1863 2104 1943 2134 imo,

1045 2146 1070 2170 T
1067 2145 1152 2175 head„
1165 2143 1210 2177 28,
1223 2149 1263 2172 ³7:
1273 2146 1389 2178 protulit
1401 2147 1430 2170 in
1440 2154 1500 2171 eum
1512 2148 1680 2175 sententiam,
1693 2147 1795 2180 ch’egli
1809 2147 1871 2172 dice
1884 2154 1943 2172 non

1041 2195 1116 2212 esser
1134 2190 1274 2214 sentenza.
1310 2188 1352 2213 La
1372 2189 1503 2222 maggior
1521 2187 1660 2214 difficolt&
1679 2190 1704 2214 si
1717 2190 1852 2214 incontra
1866 2189 1943 2214 nella

1042 2231 1275 2256 considerazione
1288 2231 1339 2255 che
1352 2237 1401 2264 per
1414 2231 1536 2257 scrivere
1548 2231 1571 2256 il
1584 2232 1625 2256 De
1647 2231 1721 2256 Com.
1742 2232 1863 2257 l‘autore
1874 2232 1943 2256 ebbe

1041 2273 1165 2306 bisogno
1184 2273 1214 2298 di
1233 2274 1329 2306 tempo
1348 2280 1364 2298 e
1383 2273 1452 2298 libri
1465 2273 1513 2306 (cf.
1533 2273 1685 2306 GABo‘r'ro,
1704 2277 1743 2307 op⁴
1762 2275 1820 2303 cit„
1834 2282 1861 2308 p.
1881 2282 1942 2307 444,

1042 2316 1113 2340 nota
1133 2314 1169 2348 4).
1206 2315 1272 2340 Non
1291 2314 1307 2340 ὲ
1326 2315 1405 2341 det-to
1425 2314 1495 2349 pero
1512 2315 1563 2341 che
1581 2316 1639 2349 egli
1658 2317 1741 2341 abbia
1754 2317 1905 2350 composito
1918 2317 1940 2341 il

1042 2357 1118 2382 libro
1137 2357 1170 2389 (il
1184 2358 1250 2390 qual
1266 2357 1341 2382 forse
1354 2364 1414 2383 non
1432 2356 1448 2383 e
1460 2357 1556 2390 finito)
1575 2359 1653 2384 tutto
1672 2358 1699 2383 d’
1706 2366 1745 2383 un
1765 2360 1864 2390 tratto,
1877 2359 1942 2384 anzi

1041 2400 1070 2424 la
1088 2402 1170 2434 parte
1187 2401 1302 2434 poetica
1319 2407 1368 2425 era
1387 2400 1615 2433 probabilmente
1632 2398 1681 2434 gia
1699 2402 1816 2426 scritta=
1835 2402 1942 2426 inoltre

1042 2440 1099 2474 pub
1119 2442 1197 2467 darsi
1215 2443 1266 2467 che
1284 2442 1369 2468 abbia
1388 2443 1490 2468 scritto
1503 2442 1531 2467 la
1545 2441 1597 2476 pii:
1611 2445 1690 2477 parte
1703 2443 1824 2469 durante
1838 2444 1861 2469 11
1876 2451 1941 2477 pro-

1042 2491 1129 2514 cesso,
1147 2484 1348 2518 aggiungendo
1372 2484 1395 2508 il
1414 2484 1546 2510 violento
1568 2486 1704 2519 proemio,
1724 2486 1775 2510 che
1794 2487 1941 2511 abbraccia

1042 2526 1164 2552 l’intero
1182 2527 1277 2560 primo
1298 2527 1382 2558 libro,
1396 2527 1474 2560 dopo
1494 2527 1522 2552 la
1535 2529 1683 2552 sentenza:
1702 2528 1791 2553 infine
1805 2528 1880 2553 dalle
1892 2536 1941 2562 pa-

1041 2567 1102 2593 role
1124 2567 1387 2594 dell‘Anonimo
1407 2569 1432 2594 si
1452 2569 1544 2595 rileva
1563 2569 1614 2595 che
1627 2569 1671 2594 fra
1685 2569 1712 2595 la
1727 2571 1859 2595 sentenza
1878 2578 1894 2595 e
1912 2571 1941 2595 la

1041 2617 1092 2636 sua
1108 2611 1273 2636 esecuzione
1290 2611 1418 2637 esistette
1436 2619 1475 2636 un
1495 2612 1573 2636 certo
1586 2612 1663 2637 lasso
1677 2612 1708 2637 di
1721 2613 1826 2646 tempo.
1863 2612 1939 2638 Con-

1040 2654 1087 2678 tro
1106 2653 1129 2678 il
1146 2654 1284 2687 supposto
1304 2660 1356 2678 uso
1382 2654 1412 2679 di
1438 2654 1586 2679 materiale
1609 2654 1809 2687 bibliografico
1829 2655 1854 2680 si
1873 2663 1939 2680 con-

1041 2695 1133 2721 fronti
1146 2695 1172 2721 le
1184 2695 1358 2729 espressIoni
1376 2696 1418 2720 De
1438 2697 1527 2725 Cone„
1539 2695 1561 2726 1,
1580 2703 1622 2730 pr.
1640 2702 1682 2726 lv,
1702 2703 1762 2730 7-9:
1775 2697 1892 2722 Haecine
1903 2701 1942 2722 est

1038 2737 1210 2770 bybliotheca,
1229 2745 1310 2770 quant
1327 2739 1500 2763 certissimam
1518 2739 1571 2763 tibi
1586 2739 1672 2764 sedem
1685 2740 1783 2765 nostris
1795 2741 1826 2765 tn
1839 2740 1942 2764 laribus

1040 2780 1097 2812 ipra
1121 2780 1275 2813 delegeras?
1311 2779 1364 2812 Ivi,
1381 2780 1404 2810 1,
1423 2788 1465 2813 pr.
1479 2787 1507 2812 v,
1529 2787 1624 2815 19-242
1642 2781 1735 2813 Itaque
1754 2790 1806 2807 non
1824 2785 1879 2808 tam
1898 2791 1937 2806 me

1039 2823 1091 2847 loct
1106 2823 1199 2851 butue,
1217 2829 1298 2854 quam
1316 2826 1364 2847 tua
1374 2823 1463 2854 facies
1481 2827 1574 2853 movet,
1597 2831 1644 2849 nec
1661 2824 1835 2857 bybliothecae
1849 2826 1939 2857 patim

1038 2867 1149 2897 comptos
1173 2866 1246 2890 ebore
1263 2873 1294 2890 ac
1312 2866 1381 2890 vitro
1400 2866 1530 2897 parietes,
1554 2873 1634 2898 quam
1659 2869 1721 2890 tuae
1741 2868 1836 2891 mentiti
1853 2868 1938 2891 sedem

1039 2908 1158 2938 requiro,
1171 2908 1201 2932 tn
1214 2914 1268 2938 qua
1281 2915 1332 2932 non
1346 2907 1437 2937 libros,
1449 2908 1496 2932 sed
1505 2908 1537 2932 td
1547 2909 1618 2939 quod
1636 2908 1714 2932 libris
1728 2909 1847 2940 pretium
1851 2909 1938 2940 facit,

1039 2948 1169 2973 librorum
1189 2949 1322 2982 quondam
1340 2957 1456 2974 meorum
1474 2951 1615 2976 sententias
1632 2951 1762 2976 collocavi.

1973 1940 2007 1966 30

1972 2156 2004 2182 35

1971 2367 2005 2392 40

1969 2581 2002 2607 45

1969 2794 2002 2819 50
