2476 3516
15 307 16 310 Ἰ
37 321 57 353 Ψ
73 342 79 373 ρ
88 328 181 374 doti,
209 326 248 362 di
275 325 335 362 cui
362 325 442 361 solo
470 324 654 372 qualcuno
682 323 1005 360 dall’Anonimo
1033 326 1054 360 ὲ
1081 330 1179 361 stato
1206 324 1408 362 stralciato.
1463 326 1535 361 Per
1553 323 1727 360 Iordanes
1754 325 1792 360 la
1819 325 1938 371 figura

4 377 6 379 Ι
37 394 126 431 di
151 391 365 430 Teoderico
394 403 472 426 non
499 401 592 427 avea
610 391 785 427 interesse
814 390 962 437 diretto‚
981 393 1010 427 si
1030 391 1077 427 da
1103 390 1252 428 doversi
1281 393 1517 428 intrattenere
1543 390 1635 426 sulla
1662 402 1728 426 sua
1754 391 1941 437 glorifica-

74 462 207 503 aione.
262 458 480 495 L’obbietto
506 457 726 494 immediato
753 457 854 494 dello
882 458 1052 494 scrittore
1080 470 1143 494 era
1179 458 1216 494 di
1249 465 1384 495 metter
1418 459 1455 493 in
1483 457 1615 494 rilievo
1644 458 1656 492 i
1685 458 1853 493 caratteri
1881 459 1942 494 dei

41 510 44 519 θ
70 510 216 577 μςυοροῐί
250 524 433 561 barbarici
461 536 482 559 e
518 525 554 560 le
582 524 663 560 loro
698 524 873 560 relazioni
901 524 1001 571 negli
1038 525 1161 561 eventi
1190 524 1287 561 della
1323 525 1446 569 storia,
1476 535 1586 561 senza
1621 525 1941 571 preoccupazione

70 601 148 626 mei
183 588 257 624 casi
293 587 356 634 piu
393 599 417 622 o
453 599 565 623 meno
600 586 730 622 illustri
767 585 804 622 di
841 593 970 634 questo
1008 599 1031 622 o
1068 587 1152 635 quel
1190 588 1368 634 principe.
1423 588 1465 623 In
1501 587 1595 622 altre
1627 586 1768 634 parole,
1798 592 1942 622 mentre

69 654 404 698 :nell'Anonimo
431 654 462 688 si
489 653 605 689 rivela
634 653 839 689 l'interesse
867 653 905 688 di
923 654 1111 701 giungere,
1141 654 1233 690 direi
1262 654 1377 701 quasi,
1406 653 1637 700 all’apoteosi
1667 652 1727 689 del
1751 665 1790 688 re
1810 654 1942 689 Ostro-

65 707 187 770 {goto,
215 721 254 756 in
280 718 455 756 Iordanes
482 725 613 767 questo
642 723 663 757 3
691 726 834 756 assente
862 733 882 756 e
910 732 984 755 con
1012 732 1094 756 esso
1130 721 1165 756 la
1196 721 1353 767 ragione
1390 720 1427 756 di
1455 720 1620 756 insistere
1648 732 1689 755 su
1716 720 1941 767 particolari,

64 788 155 831 'fehe
184 786 444 824 conferiscono
472 787 575 822 bensi
604 786 800 833 splendore
829 786 900 822 alla
920 799 1077 834 persona
1105 787 1142 823 di
1170 786 1395 830 Teoderico,
1415 799 1477 823 ma
1503 798 1580 821 non
1608 786 1902 833 l’oltrapassano.

108 846 110 848 V
175 853 338 895 Quando
365 853 483 890 infatti
520 853 546 889 il
582 859 760 890 racconto
786 854 925 890 ritorna
957 854 991 889 la
1019 854 1118 890 dove
1146 855 1176 889 si
1212 854 1451 890 stabiliscono
1478 854 1654 889 relazioni
1682 854 1735 888 fra
1765 854 1779 889 i
1810 853 1942 900 popoli

82 921 271 959 barbarici
298 933 340 957 su
367 920 556 957 territorio
584 933 752 967 romano,
782 932 802 955 e
830 925 972 968 queste,
1002 933 1068 967 per
1095 922 1121 957 il
1149 921 1230 957 loro
1259 925 1440 957 carattere
1468 920 1682 967 famigliare,
1712 920 1945 956 concorrono

63 999 110 1027 <a
136 987 382 1025 determinare
410 986 624 1023 l’intreccio
656 999 677 1022 e
709 988 742 1022 la
778 988 1010 1023 successione
1047 987 1144 1023 delle
1179 987 1415 1035 generazioni
1451 986 1665 1032 dinastiche,
1695 986 1720 1022 il
1758 986 1941 1033 paralleli-

60 1068 68 1096 ·,
87 1067 170 1093 smo
197 1056 218 1089 ὲ
247 1055 324 1091 cosi
353 1053 538 1099 evidente,
568 1054 637 1089 che
665 1066 741 1090 non
768 1056 884 1101 sfuggi
913 1054 960 1090 ad
988 1067 1036 1091 un
1072 1059 1200 1091 nostro
1238 1055 1368 1091 critico
1405 1054 1556 1091 illustre.
1617 1054 1632 1072 ‘⁴
1652 1055 1691 1090 A
1718 1066 1791 1099 me,
1820 1054 1942 1090 scrive

57 1111 69 1168 ζἸ
92 1121 152 1159 “il
181 1122 340 1169 Cipolla,
368 1121 416 1157 ha
443 1121 535 1158 fatto
562 1133 708 1168 sempre
735 1122 873 1168 grande
899 1122 1139 1168 impressione
1168 1122 1204 1158 la
1231 1121 1471 1169 semiglianza
1497 1127 1554 1157 tra
1582 1122 1620 1156 lo
1646 1121 1822 1168 specchio
1850 1121 1946 1156 della

56 1183 63 1207 ·”
93 1189 109 1208 “
127 1188 289 1236 famiglia
318 1187 355 1223 di
384 1188 608 1233 Teoderico,
631 1188 700 1223 che
727 1188 902 1224 abbiamo
930 1189 990 1224 nei
1019 1199 1125 1235 capp.
1156 1189 1265 1226 LVII
1294 1200 1314 1223 e
1342 1188 1470 1224 LVIII
1498 1187 1535 1223 di
1563 1188 1739 1224 Iordanes
1767 1200 1788 1224 e
1817 1187 1942 1236 quello

95 1256 112 1275 ⁸
128 1254 448 1292 dell'Anonimo
478 1239 732 1290 Valesiano
753 1253 880 1304 (capp.
906 1255 963 1300 15,
983 1264 1038 1301 633
1064 1256 1122 1300 18,
1141 1265 1196 1301 683
1217 1256 1280 1301 21,
1302 1254 1368 1304 70).
1415 1255 1474 1290 La
1491 1254 1736 1301 rispondenza
1753 1255 1946 1301 reciproca

52 1361 60 1369 ,Β
93 1321 109 1340 “
126 1320 329 1368 apparisce,
349 1319 465 1356 anche
493 1321 556 1366 piu
585 1320 771 1363 evidente,
792 1320 940 1368 quando
959 1321 988 1356 si
1007 1321 1142 1357 rifletta
1169 1321 1245 1357 allo
1270 1326 1367 1356 stato
1395 1322 1594 1368 originario
1622 1322 1944 1357 dell'Anonimo

65 1371 69 1394 ‘¹
95 1387 112 1406 ‘⁴
131 1377 384 1424 Valesiano
400 1387 448 1434 „¹.
504 1387 538 1422 E
565 1399 642 1422 non
659 1398 682 1422 a
700 1398 787 1422 caso
807 1387 880 1434 egli
900 1392 1015 1423 mette
1035 1388 1070 1422 in
1099 1387 1232 1423 rilievo
1251 1393 1379 1436 questa
1396 1388 1657 1435 rispondenza:
1693 1390 1707 1407 ‘⁴
1727 1400 1787 1424 ma
1811 1391 1890 1424 essa
1908 1414 1944 1435 „,

49 1447 62 1498 J·
87 1454 206 1491 scrive
234 1465 334 1500 poco
360 1453 424 1500 piu
451 1453 588 1499 avanti,
622 1454 637 1471 ‘⁴
656 1464 827 1490 accresce
855 1454 868 1488 i
895 1454 1026 1491 motivi
1057 1466 1123 1501 per
1150 1454 1287 1503 i-quali
1316 1455 1344 1490 si
1373 1454 1469 1491 deve
1491 1455 1727 1491 n‘conoscere
1754 1455 1792 1490 in
1819 1454 1945 1502 quello

55 1530 61 1550 -’
95 1521 110 1539 “
128 1520 180 1569 [in
205 1519 396 1566 Iordanes]
424 1520 461 1555 la
488 1531 600 1556 mano
629 1519 666 1555 di
695 1520 920 1556 Cassiodoro
938 1546 972 1568 „.
1027 1521 1055 1556 Il
1075 1521 1224 1568 Cipolla
1242 1522 1334 1569 pero
1352 1533 1428 1557 non
1454 1521 1484 1557 si
1512 1521 1633 1568 perito
1654 1521 1692 1557 di
1719 1520 1834 1557 andar
1852 1521 1946 1557 oltre

89 1599 110 1623 e
139 1590 276 1639 vedere
304 1586 411 1635 quale
439 1586 535 1622 fosse
563 1587 589 1622 il
618 1587 746 1622 valore
775 1586 860 1622 dell⁷
869 1587 1043 1634 analogia
1072 1588 1133 1623 dei
1160 1588 1268 1635 passi,
1290 1589 1358 1624 che
1386 1589 1406 1623 e
1427 1588 1464 1623 di
1485 1599 1574 1635 gran
1595 1588 1712 1635 lunga
1739 1588 1943 1635 maggiore,

55 1662 61 1695 ῖ
88 1653 239 1702 quando
267 1653 373 1689 siano
400 1654 498 1700 posti
525 1654 564 1688 in
591 1652 775 1690 relazione
806 1666 828 1690 a
855 1659 952 1690 tutto
980 1654 1217 1701 l’organismo
1237 1654 1296 1690 del
1316 1660 1507 1700 racconto,
1529 1655 1596 1691 che
1622 1666 1698 1690 non
1723 1654 1946 1690 considerati

56 1743 61 1773 ζ
87 1720 390 1768 singolarmente.

16 1774 18 1776 .
172 1787 296 1824 Infatti
315 1787 340 1823 il
358 1789 554 1835 passaggio
573 1788 670 1825 dalla
685 1789 899 1825 narrazione
919 1788 1283 1826 dell’insediamento
1295 1790 1332 1826 di
1346 1789 1559 1825 Teoderico
1578 1789 1632 1825 sul
1652 1795 1766 1833 trono
1781 1801 1802 1825 a
1821 1789 1945 1837 quello

55 1893 59 1898 ,
87 1854 149 1891 dei
176 1854 313 1902 legami
341 1855 379 1891 di
406 1855 595 1901 parentela
624 1857 684 1891 coi
718 1868 759 1891 re
795 1856 979 1893 barbarici
1006 1857 1043 1892 in
1070 1857 1245 1893 Iordanes
1283 1859 1303 1892 3
1330 1857 1562 1900 immediato,
1593 1868 1614 1891 e
1643 1857 1702 1891 cio
1730 1857 1766 1891 fa
1792 1867 1944 1903 pensare

64 1953 67 1957 ,
88 1921 148 1959 all’
156 1922 367 1958 intenzione
395 1921 481 1958 dell'
491 1927 618 1958 autore
646 1922 684 1958 di
711 1923 927 1959 abbreviare
956 1923 1245 1960 coll'omissione
1273 1923 1312 1959 di
1338 1929 1434 1959 tutta
1462 1935 1533 1958 una
1569 1923 1664 1958 serie
1700 1923 1737 1959 di
1774 1923 1942 1970 capitoli:

53 1989 56 1991 ’
88 1988 279 2036 Μςεαᾳιιε
305 1988 499 2038 legatione,
528 1989 557 2025 si
593 1988 706 2038 legge
735 1990 772 2025 in
807 1989 998 2035 Iordanes,
1027 1991 1080 2026 ad
1111 1990 1253 2027 Lodoin
1287 1990 1524 2026 Francorum
1559 2001 1685 2039 regem
1702 1990 1833 2039 filiam
1869 1991 1945 2025 eius

49 2063 57 2107 -Σ
91 2053 330 2105 Audefledam
356 2055 429 2091 sibi
454 2056 494 2091 in
521 2056 757 2092 matrimonio
779 2056 900 2103 petiit,
930 2068 950 2093 e
978 2057 1069 2093 fatte
1108 2057 1238 2093 alcune
1275 2058 1528 2093 osservazioni
1564 2057 1653 2093 suile
1692 2068 1945 2104 conseguenze

47 2111 80 2148 ’ν’
90 2121 128 2157 di
147 2127 280 2170 questo
298 2122 549 2169 matrimonio,
570 2123 744 2159 continua
762 2123 796 2158 al
825 2135 907 2170 cap.
927 2124 1064 2168 LVIII,
1087 2124 1182 2161 2⁹7:
1202 2124 1411 2172 Antequam
1430 2136 1519 2174 ergo
1546 2124 1590 2159 de
1617 2123 1862 2174 Audefledam
1889 2136 1946 2160 so-

53 2191 59 2233 ἶ
89 2189 203 2226 bolam
229 2189 384 2235 haberet,
403 2190 595 2225 naturales
613 2201 656 2225 ex
684 2190 897 2236 concubina,
922 2203 1014 2237 quas
1038 2191 1226 2239 genuisset
1242 2190 1361 2227 adhuc
1379 2192 1418 2226 in
1436 2190 1595 2236 Moesia,
1606 2191 1729 2240 filias,
1749 2203 1862 2227 unam
1881 2203 1945 2226 no-

48 2247 66 2302 ss
89 2255 187 2292 mine
217 2254 438 2305 Thiudigvto
465 2258 501 2291 et
525 2257 640 2307 altam
673 2255 901 2305 Ostrogotlw.
929 2269 1031 2303 quas,
1061 2269 1144 2293 mox
1171 2257 1211 2292 in
1239 2257 1395 2293 Italiam
1422 2258 1533 2303 venit,
1566 2257 1714 2306 regibus
1741 2257 1877 2293 vicinis
1904 2257 1944 2291 in

8 2367 9 2370 Ἰ
40 2313 57 2362 3‘
90 2321 261 2372 coniugio
288 2322 487 2369 copulavit,
515 2323 562 2359 id
584 2324 637 2358 est
662 2335 774 2359 unam
801 2322 955 2360 Alarico
993 2323 1274 2372 Vesegotharum
1302 2326 1337 2359 et
1357 2323 1477 2362 *alz'am
1498 2322 1736 2372 sigismundo
1764 2322 1946 2372 Burgun-

10 2403 11 2406 ¹
42 2391 47 2430 ζ
90 2387 298 2425 ἄιοηοηιηι.
353 2389 504 2425 Orbene
541 2390 570 2426 si
599 2390 708 2438 legga
743 2391 781 2425 la
820 2390 967 2436 Theod„
1006 2390 1063 2435 15,
1092 2397 1140 2435 63,
1171 2402 1191 2425 e
1219 2392 1248 2426 si
1278 2391 1390 2426 vedra
1419 2391 1499 2436 che,
1527 2391 1630 2426 salvo
1658 2390 1692 2425 le
1722 2390 1943 2436 divergenze

41 2450 56 2487 ἕῖ
88 2455 241 2501 verbali,
278 2455 535 2502 l'esposizione
572 2457 633 2494 dei
677 2458 755 2494 fatti
797 2458 831 2492 ci
868 2456 1072 2493 riconduce
1107 2456 1155 2491 ad
1191 2469 1265 2493 uno
1306 2463 1423 2493 stesso
1459 2457 1550 2504 tipo.
1613 2457 1746 2493 Postea
1781 2469 1877 2502 vero,
1915 2458 1944 2492 si

4 2520 7 2559 ῗ
40 2519 54 2575 j‘
90 2520 199 2569 legge
226 2521 562 2569 nell’Anonirno,
589 2526 740 2571 accepta
776 2535 888 2560 uxore
919 2523 964 2559 de
1000 2523 1166 2559 Francis
1202 2523 1346 2559 nomine
1381 2523 1643 2573 Augcfiadam,
1671 2535 1758 2559 nam
1795 2535 1945 2559 uxorem

41 2609 57 2645 ᾗ
77 2587 216 2624 habuit
248 2590 335 2625 ante
364 2600 534 2639 regnum,
563 2590 607 2625 de
633 2602 708 2638 qua
735 2592 950 2638 susceperat
963 2591 1095 2642 silias.-
1122 2602 1234 2626 unam
1265 2589 1364 2625 dedit
1390 2590 1534 2626 nomine
1560 2589 1761 2639 Areaagne
1787 2589 1943 2626 Alarico

2 2673 3 2676 ¹
50 2686 51 2689 ,
89 2655 179 2704 regi
217 2654 509 2706 Wakigothormu
526 2657 566 2693 in
596 2655 755 2702 Gallias,
783 2659 818 2692 et
842 2657 961 2693 aliam
978 2657 1108 2706 filiam
1136 2669 1240 2692 suam
1272 2656 1562 2706 Theodegotham
1592 2655 1845 2706 Sigismundo,
1853 2657 1945 2706 filio

36 2710 58 2742 ’Ῐ
92 2718 307 2757 Gundebadi
330 2722 445 2772 regis.
497 2723 571 2762 Qui
591 2722 625 2758 la
643 2724 760 2771 prima
788 2723 885 2758 frase
903 2723 1135 2769 riguardante
1154 2723 1179 2758 il
1209 2723 1448 2758 matrimonio
1468 2734 1541 2758 con
1558 2722 1593 2758 la
1611 2722 1710 2769 figlia
1741 2723 1801 2758 del
1825 2734 1865 2757 re
1884 2723 1943 2758 dei

53 2934 57 2935 ⁷
181 2891 188 2909 ¹
208 2892 348 2925 ΟιΡοιιΛ,
365 2895 579 2921 Considerasioni
589 2897 658 2922 salle
671 2897 684 2912 “
694 2898 786 2922 Getica
797 2916 809 2929 „
823 2899 854 2922 dt
865 2898 991 2923 Iordanes
1044 2899 1181 2927 Senatore,
1194 2901 1316 2924 esti-atto
1329 2899 1405 2924 dalle
1423 2899 1517 2924 Mem.
1537 2898 1632 2923 della
1651 2897 1685 2923 R.
1710 2898 1832 2923 Accad.
1852 2898 1945 2923 delle

3 2975 6 2981 Ι
50 2936 62 2950 “·
91 2944 106 2961 e
116 2937 183 2962 uelle
193 2938 248 2963 hro
259 2939 388 2964 relation·
397 2940 463 2965 caua
479 2939 615 2966 “muana
630 2941 780 2975 Getarum„
796 2943 827 2967 dt
842 2943 992 2967 cassiodoro
1046 2943 1127 2968 Sele
1137 2951 1155 2967 n
1165 2951 1203 2968 ze
1229 2944 1266 2968 di
1292 2944 1317 2968 T
1326 2952 1343 2968 ο
1352 2944 1383 2967 ri
1393 2951 1410 2967 n
1421 2951 1448 2973 ο,
1468 2943 1526 2968 vol.
1545 2942 1646 2972 XLIII,
1666 2951 1691 2975 p.
1714 2950 1754 2974 734.
