2476 3516
659 210 815 247 STUDI
843 210 1034 246 CRITICI
1061 209 1414 248 PRELIMINARI
1847 208 1975 245 XXIII

217 344 252 389 8,
289 350 394 381 ⁴⁶47:
432 343 448 378 I
485 342 557 378 due
591 342 697 378 brani
733 342 911 379 derivano
943 342 1039 379 dalla
1083 341 1167 378 Vita
1202 341 1324 377 sancti
1354 340 1524 378 Severini
1558 340 1595 376 di
1631 340 1820 389 Eugippio
1862 338 1974 390 (ediz-

58 424 60 427 ’
119 409 290 456 8ΑυΡΡΕ,’
319 410 358 445 in
394 409 450 446 M.
490 409 537 446 G.
574 409 624 449 H.
659 409 795 446 Auct.
824 409 942 455 Ant„
971 415 1076 445 tomo
1103 410 1132 454 Ι,
1170 414 1274 456 parte
1302 406 1358 458 Π),
1397 407 1480 454 VII,
1511 409 1533 443 2
1544 418 1555 454 ;
1582 407 1705 452 XXII,
1750 407 1824 451 1-2,
1863 419 1929 454 per
1965 407 1977 441 i

52 483 56 497 “-
129 476 227 525 quali
256 476 302 513 cf.
323 488 404 524 cap.
433 476 496 522 111,
516 488 553 524 p.
574 486 664 513 cvm
691 487 768 523 sg.;
797 477 858 524 qui
885 476 1071 524 aggiungo
1098 477 1227 512 alcune
1255 475 1506 512 osservazioni
1523 475 1624 511 circa
1652 474 1686 510 la
1714 473 1869 510 lezione.
1923 473 1980 510 La

24 595 26 597 Ι
46 562 64 597 “5
127 543 365 580 derivazione
393 543 453 580 dal
471 549 568 580 testo
586 543 818 592 Eugippiano
847 555 923 579 non
949 543 1099 579 esclude
1119 543 1186 579 che
1205 543 1230 579 il
1259 542 1501 590 compilatore
1522 542 1633 577 abbia
1651 546 1758 577 usato
1778 540 1876 577 della
1894 553 1981 589 pro-

46 612 99 647 5
124 610 203 658 pxia
230 610 362 647 libertis
389 610 426 646 di
453 610 669 647 modificare
696 610 721 646 il
749 615 845 646 testo
872 609 1061 658 primitivo
1090 609 1151 646 del
1169 615 1351 646 racconto
1378 622 1403 645 o
1433 621 1501 656 per
1527 607 1762 645 abbreviarlo
1792 607 1843 643 od
1870 607 1977 643 adat-

20 699 64 731 ³¹2
127 677 222 713 tarlo
248 676 344 712 nella
370 677 464 713 serie
493 676 594 724 degli
622 677 773 713 estratti.
829 676 999 716 Qualche
1027 676 1192 712 variante
1220 677 1363 711 minore
1399 676 1476 723 puo
1504 675 1577 711 ben
1614 686 1711 710 esser
1739 673 1905 710 derivata
1933 673 1979 709 da

30 742 72 800 x·
127 755 199 779 una
224 743 400 791 semplice
427 743 625 779 omissione
644 744 682 779 in
701 742 784 792 [A]:
813 755 879 791 per
898 755 949 779 es.
969 743 1171 790 Eugippio:
1201 742 1378 779 vilis-simo
1396 744 1485 778 tunc
1503 741 1646 789 habita5
1664 741 1713 787 B,
1732 740 1782 787 P,
1802 740 1980 777 vilissimo

20 826 69 868 '³³
128 810 265 847 habitu.
321 810 361 847 Si
378 812 454 859 pub
475 812 567 858 pero
594 822 752 858 pensare
772 811 839 847 che
858 813 956 857 tunc,
976 822 998 846 a
1016 811 1210 858 proposito
1237 810 1275 845 in
1302 809 1489 857 Eugippio
1518 821 1590 845 con
1619 812 1715 844 tutto
1742 807 1768 844 il
1797 812 1981 853 comesto,

129 876 272 914 diventi
298 877 481 924 superfluo
508 877 845 914 nell'Anonimo.
900 877 967 914 Ma
994 876 1086 913 altre
1115 877 1270 912 varianti
1297 875 1514 925 dipendono
1543 875 1590 912 da
1609 887 1734 911 errore
1752 874 1791 910 in
1807 874 1858 921 B,
1878 886 1982 910 men-

81 946 104 979 0
129 948 184 980 tre
211 955 305 980 sono
324 948 486 980 corrette
513 945 552 979 in
570 943 619 991 P,
639 943 687 980 ed
714 943 805 980 altre
834 955 971 980 ancora
990 944 1037 979 da
1057 943 1278 980 alterazione
1306 943 1511 979 introdotta
1537 943 1575 978 in
1594 941 1671 991 [AJ.
1715 943 1758 978 In
1775 942 1980 990 Eugippio:

29 996 54 1037 Ἴ
129 1010 184 1046 ad
205 1022 286 1046 eum
314 1010 462 1056 intuitu,
491 1010 634 1047 lezione
663 1011 810 1047 accolta
837 1010 953 1047 anche
991 1010 1039 1046 da
1067 1010 1124 1056 P;
1151 1010 1200 1056 B,
1229 1010 1285 1046 ad
1305 1021 1385 1047 eum
1412 1010 1586 1046 intuitum
1593 1021 1605 1055 ,·
1642 1021 1716 1044 non
1743 1008 1811 1044 v’c
1840 1008 1980 1044 dubbio

29 1069 55 1085 '⁴
131 1076 198 1113 che
225 1077 261 1113 la
288 1077 408 1124 prima
438 1078 458 1112 ὲ
486 1076 534 1113 da
560 1078 736 1125 preferire
766 1077 813 1113 ed
849 1088 871 1113 a
899 1082 1031 1125 questo
1059 1077 1251 1125 proposito
1278 1077 1304 1112 il
1341 1076 1500 1123 Cipolla,
1529 1076 1714 1112 Ricerclze
1745 1075 1819 1121 cit„
1856 1086 1894 1122 p.
1932 1075 1977 1111 31

131 1154 297 1180 osserva:
326 1143 369 1179 P
391 1144 430 1180 in
456 1144 574 1192 questi
602 1144 728 1192 luoghi
756 1144 917 1192 dipende
947 1156 971 1179 o
998 1145 1261 1180 direttamente
1289 1143 1336 1179 da
1365 1143 1550 1190 Eugippio
1569 1155 1593 1178 o
1613 1142 1662 1178 da
1680 1155 1729 1178 un
1747 1141 1881 1179 codice
1906 1141 1985 1177 del-

131 1208 388 1247 l’Anonimo
414 1212 451 1247 in
470 1211 526 1247 cui
546 1211 574 1246 il
591 1216 688 1247 testo
707 1211 907 1258 originario
927 1212 1011 1247 siasi
1030 1211 1288 1247 direttamente
1308 1215 1531 1246 conservato
1550 1211 1587 1245 in
1606 1210 1731 1245 buona
1750 1208 1982 1245 condizione.

31 1275 104 1322 ngs
132 1277 218 1325 Egli
247 1277 397 1314 esclude
425 1276 530 1314 l’una
557 1290 578 1315 e
605 1278 631 1313 1’
641 1278 733 1314 altra
760 1278 908 1325 ipotesi,
927 1278 980 1314 sia
1007 1277 1143 1326 perche
1163 1275 1285 1327 (edin
1308 1277 1367 1313 cio
1386 1276 1433 1312 ha
1461 1274 1629 1324 ragione)
1647 1288 1724 1312 non
1750 1276 1788 1312 vi
1807 1277 1828 1311 ὲ
1847 1276 1985 1312 traccia

134 1343 268 1381 diretta
286 1344 383 1380 della
410 1344 494 1380 Vita
520 1345 558 1380 in
585 1344 635 1391 P,
653 1346 708 1380 sia
737 1345 872 1391 perche
889 1345 919 1380 si
946 1350 1053 1382 trova
1071 1344 1239 1391 maggior
1257 1344 1442 1381 relazione
1460 1344 1515 1379 fra
1541 1342 1584 1378 P
1598 1355 1618 1378 e
1638 1342 1688 1388 B,
1710 1342 1777 1379 che
1796 1342 1851 1378 fra
1879 1341 1921 1377 P
1936 1342 1985 1378 ed

135 1411 329 1459 Eugippio.
363 1411 430 1448 Ma
447 1411 600 1458 bisogna
618 1411 749 1447 invece
766 1423 835 1458 pur
853 1412 1088 1447 riconoscere
1108 1410 1144 1446 la
1162 1410 1395 1457 derivazione
1414 1421 1574 1445 comune
1595 1408 1641 1444 da
1660 1421 1708 1444 un
1727 1414 1822 1445 testo
1843 1408 1907 1457 [A]
1922 1409 1986 1456 pin

135 1483 308 1525 corretto‚
329 1478 396 1514 che
416 1479 480 1525 pih
506 1477 730 1514 fedelmente
757 1478 788 1513 si
815 1480 836 1515 ὲ
856 1483 1078 1514 conservato
1105 1478 1144 1513 in
1161 1477 1211 1515 P.
1252 1477 1294 1512 In
1311 1476 1500 1524 Eugippio
1519 1477 1549 1511 si
1568 1475 1696 1523 legge:
1725 1473 1808 1520 ,Qui
1822 1475 1909 1512 dum
1936 1488 1985 1522 se,

9 1579 13 1598 ἱ
133 1545 361 1582 humillimae
377 1547 510 1581 tectam
528 1545 686 1581 cellulae
701 1557 766 1582 suo
784 1545 917 1581 vertice
936 1544 1005 1594 [ne]
1025 1544 1236 1594 contigeret,
1255 1544 1479 1590 inclinasset,
1498 1555 1523 1579 a
1540 1543 1623 1580 viro
1643 1543 1704 1579 dei
1716 1543 1922 1593 gloriosum
1948 1555 1986 1579 se

9 1604 13 1635 '=
65 1616 109 1648 20
125 1613 219 1662 fhre
245 1612 427 1661 cognovit.
483 1612 541 1647 La
568 1611 713 1647 lezione
742 1611 1036 1657 dell’Anonimo‚
1068 1611 1235 1647 secondo
1261 1611 1312 1656 B,
1329 1610 1374 1657 P,
1405 1611 1425 1646 e
1462 1614 1566 1646 certo
1593 1609 1819 1646 modificata
1837 1622 1858 1646 e
1890 1609 1987 1646 dalle

136 1678 374 1715 coincidenze
402 1678 485 1715 loro
512 1679 542 1714 si
572 1678 669 1715 deve
697 1683 952 1725 argomentare
972 1678 1007 1714 la
1033 1678 1244 1715 van'azione
1274 1677 1311 1712 di
1331 1676 1408 1725 [A].
1464 1677 1522 1713 Le
1551 1674 1623 1712 due
1651 1677 1903 1724 proposizioni
1930 1688 1987 1713 se-

135 1745 323 1791 condarie,
349 1745 406 1781 fra
424 1743 515 1781 loro‘
527 1745 763 1782 subordinate
791 1746 829 1781 in
846 1745 1046 1793 Eugippio,
1066 1756 1161 1781 sono
1179 1744 1217 1779 in
1235 1743 1285 1790 B,
1304 1743 1347 1779 P
1371 1745 1586 1781 coordinate
1605 1756 1671 1791 per
1698 1743 1924 1780 l’omissione
1949 1743 1987 1779 di

135 1823 236 1847 se-ne
249 1823 270 1847 e
288 1811 487 1859 l'aggiunta
506 1812 543 1847 in
561 1811 602 1847 P
613 1811 652 1847 di
669 1813 704 1846 et
708 1824 722 1858 ;
738 1817 843 1848 tanto
857 1812 896 1847 in
910 1811 951 1846 P
967 1809 1099 1860 (anche
1123 1808 1201 1859 γ’),
1222 1810 1470 1847 humillimum
1489 1812 1632 1856 tectum,
1648 1810 1717 1846 che
1736 1811 1774 1846 in
1789 1810 1830 1846 B
1841 1808 1880 1858 (e
1905 1810 1941 1844 V
1943 1808 1985 1859 ¹),

138 1877 341 1914 humillimo
368 1880 457 1915 tecto
494 1876 601 1928 (tecte
627 1875 712 1926 B²)‚
742 1878 958 1925 l’aggettivo
986 1879 1007 1913 ὲ
1035 1877 1264 1914 concordato
1301 1889 1374 1913 con
1402 1879 1545 1923 tectum,
1576 1877 1727 1912 anziche
1754 1877 1900 1923 vertice,
1930 1877 1990 1912 cui

67 1947 109 1982 25
136 1945 378 1993 fii-aggiunto
404 1945 501 1990 eius,·
529 1957 607 1990 sua,
625 1945 676 1990 B,
696 1944 745 1991 P,
764 1956 828 1980 ma
846 1944 902 1980 B’
929 1957 994 1982 suo
1030 1942 1140 1994 (lesse
1166 1944 1262 1980 bene
1288 1944 1326 1980 in
1364 1945 1422 1980 cio
1449 1943 1476 1979 il
1503 1941 1756 1993 Mommsen):
1796 1949 1900 1980 certo
1929 1944 1991 1992 qui

137 2013 159 2047 ὲ
185 2012 232 2048 da
257 2005 410 2059 pensaie
450 2011 498 2047 ad
534 2024 583 2047 un
618 2023 743 2047 errore
780 2011 818 2047 di
853 2023 975 2060 penna
1011 2011 1049 2047 di
1086 2011 1164 2059 [C]‚
1201 2023 1310 2047 come
1349 2013 1500 2047 ossei-vo
1536 2011 1563 2047 il
1599 2010 1757 2058 Cipossa,
1778 2010 1988 2061 [Ricerclza

136 2090 174 2126 p.
210 2079 255 2113 41
289 2090 309 2113 e
337 2089 412 2113 non
438 2090 460 2114 a
487 2077 733 2124 particolaritzt
760 2077 944 2114 sintattica
972 2076 1298 2123 dell’Anonimo,
1328 2089 1437 2114 come
1470 2077 1580 2114 vuole
1608 2077 1634 2112 il
1666 2077 1790 2122 Frick,
1822 2081 1883 2124 op.
1916 2077 1991 2123 cit„

62 2160 68 2162 f
135 2156 173 2193 p.
206 2143 281 2180 346
290 2153 302 2190 3
329 2156 389 2180 ma
419 2145 459 2180 in
488 2144 531 2180 P
553 2157 628 2181 non
663 2145 701 2180 fu
736 2144 905 2191 rilevata,
935 2157 973 2181 se
1001 2156 1077 2181 non
1109 2144 1170 2180 dal
1207 2144 1364 2192 Cipolla,
1395 2157 1431 2192 p.
1461 2145 1519 2190 36,
1549 2144 1584 2180 la
1612 2143 1826 2180 correzione
1852 2155 1917 2180 suo
1934 2157 1991 2179 Ξ.

136 2209 184 2246 Se
198 2212 304 2259 fore,
333 2211 518 2258 Eugippio
526 2220 537 2256 3
573 2223 611 2247 se
627 2212 746 2260 sbrte,
775 2211 833 2257 B;
865 2223 939 2248 esse
954 2213 1074 2261 sorte,
1103 2211 1176 2257 B',
1207 2211 1278 2246 P¹.·
1306 2212 1342 2247 la
1377 2211 1521 2247 lezione
1558 2211 1595 2247 di
1625 2209 1688 2259 [A]
1717 2210 1842 2247 dovea
1871 2221 1992 2247 essere

60 2281 109 2314 ,30
133 2276 433 2314 indubbiamente
460 2290 535 2314 esse
551 2280 662 2327 sorte
689 2277 754 2328 (P,
773 2279 920 2327 sorete,·
947 2278 994 2314 l’e
1021 2290 1089 2325 pur
1116 2277 1332 2325 leggendosi
1360 2278 1606 2314 chiaramente
1635 2278 1656 2313 ὲ
1685 2282 1900 2313 consumata
1926 2289 1993 2324 per

136 2344 228 2381 altra
254 2355 362 2380 causa
388 2344 452 2393 pin
479 2344 548 2380 che
574 2344 769 2381 abrasione
797 2344 946 2390 dovuta‚
975 2344 1024 2381 ad
1052 2344 1139 2392 ogni
1166 2345 1296 2390 modo,
1325 2344 1396 2380 allo
1424 2349 1541 2381 stesso
1569 2342 1821 2393 amanuense),
1842 2343 1900 2379 B'
1928 2355 1994 2391 ag-

134 2411 264 2458 giunse
290 2422 327 2447 es
353 2411 391 2446 in
417 2411 624 2458 interlinea,
651 2423 719 2460 per
746 2413 806 2448 cui
832 2413 862 2447 si
889 2411 1007 2448 rileva
1034 2411 1070 2447 la
1096 2411 1281 2448 tendenza
1309 2411 1346 2448 di
1373 2412 1574 2448 accostarsi
1601 2411 1674 2447 alla
1702 2411 1846 2446 lezione
1876 2410 1914 2446 di
1942 2410 1993 2447 P.

135 2477 197 2514 Da
222 2482 321 2513 tutto
349 2478 409 2514 cio
428 2477 459 2513 si
485 2477 601 2515 rileva
629 2477 752 2515 chela
779 2477 925 2514 diversa
944 2478 1086 2514 lezione
1114 2478 1152 2514 di
1181 2477 1244 2526 [A]
1273 2490 1349 2514 non
1375 2479 1449 2526 pub
1469 2477 1670 2526 dipendere
1699 2477 1781 2513 solo
1801 2476 1848 2513 da
1876 2477 1992 2512 errori

136 2543 175 2580 di
200 2544 450 2590 trascrizione‚
479 2556 540 2580 ma
567 2544 614 2580 da
649 2556 722 2580 una
749 2545 893 2581 diversa
920 2544 1138 2590 redazione3
1171 2544 1468 2592 probabilmente
1496 2545 1534 2580 in
1563 2543 1626 2592 [A]
1653 2544 1683 2580 si
1715 2543 1891 2591 leggeva:
1919 2543 1993 2591 qui,

38 2634 39 2637 =
67 2612 108 2647 ³5
136 2610 224 2646 dum
249 2610 499 2647 humillimum
525 2613 657 2646 tectum
683 2611 841 2647 cellulae
867 2611 945 2648 eius
970 2623 1035 2647 suo
1060 2611 1195 2647 vertice
1230 2612 1433 2661 contigeret
1457 2613 1493 2646 et
1525 2611 1749 2657 inclinasset,
1776 2622 1800 2645 a
1827 2610 1908 2646 viro
1935 2609 1997 2644 dei

132 2676 338 2727 gloriosum
365 2688 439 2713 esse
464 2678 575 2726 forte
601 2678 785 2727 cognovit.
840 2678 875 2714 E
902 2683 1033 2726 questo
1069 2680 1143 2725 puo
1180 2678 1282 2713 offrir
1308 2677 1462 2714 materia
1490 2677 1563 2725 agli
1600 2676 1753 2712 studiosi
1780 2688 1848 2723 per
1875 2688 1994 2712 osser-

137 2743 282 2779 vazioni
308 2744 575 2790 grammaticali
604 2755 625 2778 e
654 2743 805 2780 critiche
833 2743 887 2780 sul
912 2744 1168 2791 compilatore,
1187 2756 1263 2779 non
1289 2745 1349 2791 gia
1375 2743 1426 2792 gli
1454 2743 1619 2780 evidenti
1648 2743 1763 2779 errori
1783 2742 1820 2778 di
1847 2742 1994 2779 trascri—

137 2810 245 2846 zione
272 2810 367 2846 neue
396 2810 538 2857 singole
566 2810 706 2857 parole.
759 2811 851 2847 Non
871 2822 940 2847 oso
967 2811 1122 2848 tuttavia
1148 2810 1208 2847 nel
1237 2816 1334 2847 testo
1353 2810 1544 2846 scostarmi
1564 2809 1662 2846 dalla
1690 2810 1837 2845 lezione
1855 2809 1995 2856 Eugip-

30 2919 35 2927 L
136 2876 257 2923 piana,
285 2877 434 2924 perche,
458 2877 578 2925 prima
605 2876 643 2912 di
671 2876 818 2913 elevare
846 2888 868 2912 a
896 2877 1133 2913 conclusione
1161 2888 1233 2912 una
1261 2881 1492 2924 congestum,
1522 2876 1681 2923 bisogna
1708 2876 1938 2924 acquistarne
1958 2874 1995 2909 la

30 2941 49 2988 3
63 2945 113 2978 *40
140 2947 306 2979 certezza
333 2954 358 2978 o
386 2943 500 2992 quasi.
556 2941 602 2988 G,
630 2945 666 2978 et
690 2943 905 2980 inclinasset
930 2955 978 2990 se,
1000 2942 1217 2980 omettendo
1244 2943 1270 2979 il
1299 2955 1362 2992 ne;
1380 2944 1400 2978 ὲ
1428 2943 1454 2979 il
1484 2954 1571 2980 caso
1598 2943 1689 2990 pero
1717 2942 1755 2979 di
1784 2942 1881 2978 dire:
1913 2952 1937 2976 o
1964 2940 1994 2976 si
