2476 3516
675 214 831 250 STUDI
858 213 1048 250 CRITICI
1075 212 1428 248 PRELIMINARI
1883 212 1970 248 CXl

63 340 72 358 ²
114 353 284 403 pensiero
301 350 409 386 altrui
436 347 678 386 adattandolo
707 347 742 385 al
770 352 964 383 momento
990 347 1029 382 in
1057 347 1116 383 cui
1143 346 1322 383 scriveva.
1377 345 1445 382 Ma
1472 358 1512 382 se
1540 358 1608 393 pur
1626 346 1656 382 si
1685 345 1795 382 crede
1825 345 1892 382 che
1911 346 1970 382 cib

25 393 43 415 ³¹
76 426 78 430 ’
114 431 190 455 non
206 429 316 466 possa
335 415 573 460 ammettersi‚
595 426 671 450 non
698 414 750 450 mi
778 425 844 461 par
863 413 1012 449 difficile
1040 413 1207 460 spiegare
1226 413 1344 448 anche
1371 413 1410 448 in
1428 412 1656 450 Cassiodoro
1676 412 1797 462 quelle
1825 411 1970 459 parole.

114 484 252 521 Poiche
270 483 306 519 13
320 482 444 518 Storia
456 481 673 530 procedeva
691 480 1056 527 cronologicamente
1076 479 1124 516 ed
1142 479 1440 516 evidentemente
1459 480 1472 515 i
1491 479 1573 516 fatti
1592 479 1653 515 dei
1673 490 1781 527 capp.
1803 479 1860 525 14,
1875 488 1971 525 61-62,

115 552 289 589 doveano
316 560 414 586 esser
432 548 641 585 localizzati
658 548 697 583 in
715 559 764 583 un
780 552 910 594 tempo
930 546 967 582 di
985 546 1063 582 vari
1082 547 1166 582 anni
1184 547 1366 583 anteriore
1385 545 1420 582 al
1439 550 1632 583 momento
1652 546 1689 581 in
1707 547 1767 583 cui
1786 547 1969 590 scriveva,

72 639 98 650 >
115 629 183 666 per
209 627 428 654 conservare
457 614 720 651 1’0bbiettivit21
747 612 808 649 del
834 618 1029 659 racconto,
1056 618 1196 661 poteva
1222 613 1296 649 ben
1322 613 1495 650 attenersi
1523 625 1545 648 a
1563 612 1682 660 quella
1710 613 1844 649 forma.
1900 612 1972 649 Del

66 674 67 677 Ἰ
78 687 88 727 j'
114 689 215 722 resto
233 683 268 720 13
295 687 465 720 sostanza
481 682 530 718 ha
546 683 728 718 riscontro
755 680 850 715 nelle
878 679 1015 715 Variae
1020 691 1032 725 ,·
1050 691 1142 727 quae
1169 680 1311 716 locutus
1329 681 1413 715 est..
1425 705 1434 715 .
1447 708 1455 717 .
1470 684 1545 726 pro
1562 680 1741 715 sententia
1758 679 1970 726 habeantur,

82 747 86 774 ³²
116 752 194 790 cosi
222 737 555 794 nell'Anonimo,
585 760 606 784 e
633 747 731 784 nelle
754 746 903 794 Variae,
934 746 1001 792 IV,
1032 748 1074 782 2:
1105 745 1277 782 Summus
1294 746 1391 782 enim
1409 746 1507 782 inter
1519 748 1651 797 gentes
1669 758 1744 783 esse
1762 746 1971 793 credideris,

78 825 85 846 ἱ
113 817 180 866 qui
208 814 429 853 Theoderici
453 814 633 850 sententia
660 812 912 860 comprobaris
927 811 951 847 ¹.
1005 812 1284 862 L'Anonimo
1312 814 1451 860 riporta
1478 813 1634 861 qualche
1655 813 1759 850 detto
1787 825 1973 850 memora-

76 870 90 908 s
115 884 208 920 bile:
236 894 304 932 per
330 881 458 930 quello
485 881 637 917 sull'oro
666 893 687 916 e
716 879 770 916 sul
802 878 952 916 diavolo
980 879 1084 915 si'cf.
1113 879 1148 915 le
1185 879 1332 925 Variae,
1351 880 1420 926 lv,
1447 880 1488 915 18
1519 892 1540 916 e
1570 882 1640 927 243
1667 892 1733 928 per
1760 880 1886 916 l'altra
1918 880 1972 916 sul
2023 876 2025 879 ’

117 950 314 988 confronto
341 949 397 985 fra
424 947 586 984 Romani
615 958 636 982 e
665 947 757 983 Goti
777 947 807 982 si
834 957 957 994 vegga
983 945 1021 981 la
1047 952 1164 982 stessa
1187 946 1450 983 caratteristica
1477 947 1681 983 antinomia
1709 947 1769 983 dei
1798 947 1870 983 due
1897 952 1971 983 ter-

116 1017 218 1061 mini,
235 1028 299 1063 per
327 1027 379 1051 es.
406 1014 504 1050 nella
521 1013 584 1059 111,
605 1013 668 1058 23,
689 1011 737 1048 da
764 1013 823 1048 cui
851 1012 880 1048 si
899 1014 975 1060 pub
1003 1012 1215 1048 facilmente
1235 1011 1391 1049 dedurre
1419 1013 1445 1048 il
1463 1014 1610 1061 preciso
1637 1013 1849 1061 significato
1877 1013 1974 1050 della

66 1075 76 1097 ⁵
115 1089 289 1120 sentenza
315 1080 570 1119 teodericiana
582 1079 608 1117 ².

205 1146 274 1185 Pin
302 1147 515 1196 complesso
545 1148 566 1182 e
592 1146 619 1182 il
648 1158 736 1182 caso
764 1146 900 1182 offerto
930 1145 1025 1181 dalla
1057 1146 1095 1181 T
1091 1146 1206 1192 heod„
1232 1146 1290 1192 14,
1310 1155 1364 1193 62;
1394 1147 1427 1182 ci
1448 1147 1637 1183 troviamo
1655 1147 1828 1183 dinnanzi
1858 1149 1906 1184 ad
1925 1160 1974 1183 un

72 1221 78 1229 ²
115 1228 204 1253 caso
235 1215 378 1264 pratieo
406 1214 444 1250 di
473 1213 531 1251 cui
545 1224 686 1261 ,spesso
712 1212 866 1260 parlano
886 1213 921 1248 le
949 1212 1083 1248 Variae
1089 1224 1102 1257 ,·
1129 1213 1158 1248 si
1185 1217 1300 1249 tratta
1327 1212 1388 1248 del
1405 1213 1642 1250 turbamento
1671 1213 1769 1250 della
1796 1214 1971 1263 famiglia,

70 1306 81 1312 --
115 1295 182 1332 per
209 1283 268 1333 cui
293 1281 417 1330 potrei
445 1281 562 1317 citare
590 1279 626 1316 13
662 1279 777 1315 Varia
805 1279 870 1326 1V,
905 1279 963 1325 10,
993 1291 1014 1315 e
1048 1285 1180 1315 contro
1218 1280 1277 1315 cui
1313 1291 1408 1316 sono
1437 1279 1564 1316 diretti
1595 1279 1649 1327 gli
1678 1281 1787 1315 sforzi
1816 1280 1878 1317 del
1905 1293 1974 1328 go-

63 1358 68 1362 ·
116 1360 231 1386 verno
259 1341 530 1385 teodericiano.
585 1345 760 1386 Qualche‘
783 1345 957 1392 analogia
984 1352 1154 1393 presente
1180 1345 1207 1381 il
1237 1358 1324 1382 caso
1352 1345 1451 1382 della
1477 1346 1545 1391 IV,
1572 1347 1630 1392 12,
1650 1346 1812 1383 sebbene
1842 1360 1916 1384 non
1944 1349 1973 1383 si

59 1459 61 1464 ¹
115 1417 215 1453 tratti
245 1415 282 1451 di
311 1427 359 1450 un
385 1414 479 1451 fatto
508 1413 693 1449 identico:
724 1424 746 1448 e
773 1412 929 1460 giovera
947 1424 1086 1448 ancora
1113 1412 1303 1449 ricordare
1327 1413 1362 1448 le
1392 1414 1628 1460 espressioni:
1657 1413 1712 1449 ad
1733 1426 1798 1450 nos
1826 1414 1972 1462 quidem

57 1514 62 1534 ἶ.
117 1483 200 1519 iure
224 1481 385 1518 recurrit
409 1480 579 1530 infantia
606 1479 780 1515 destituta
808 1478 906 1514 della
932 1479 1001 1525 IV,
1032 1481 1095 1526 42,
1132 1491 1152 1515 e
1181 1479 1226 1525 II,
1258 1480 1322 1516 11:
1352 1491 1456 1516 error
1482 1481 1613 1517 matris
1640 1481 1778 1517 transit
1802 1482 1858 1517 ad
1866 1482 1973 1531 filios

62 1570 70 1590 x
117 1551 153 1585 et
176 1561 268 1586 novo
286 1547 521 1598 infelicitatis
547 1548 676 1583 eventu
691 1547 747 1596 fit
763 1545 915 1582 dedecus
931 1546 1129 1593 proprium
1154 1546 1274 1583 scelus
1290 1547 1456 1583 alienum
1483 1549 1549 1583 etc.
1606 1548 1665 1584 La
1683 1560 1795 1585 scena
1812 1549 1974 1585 natural-

66 1614 73 1625 ²
117 1621 240 1653 mente
270 1615 367 1651 nella
395 1614 625 1651 descrizione
654 1612 950 1657 dell'Anonimo‚
984 1613 1023 1648 T
1019 1612 1132 1660 heod,
1157 1614 1218 1660 14,
1237 1620 1284 1660 2⁹,
1303 1614 1351 1650 ha
1368 1614 1525 1662 qualche
1545 1626 1635 1651 cosa
1653 1614 1691 1651 di
1715 1614 1973 1662 drammafico,

66 1720 69 1725 ,
117 1683 186 1719 che
214 1684 252 1718 in
279 1682 493 1719 documenti
522 1681 668 1718 ufficiali
697 1679 758 1716 del
786 1691 923 1727 genere
952 1679 1051 1716 delle
1089 1679 1226 1716 Variae
1252 1693 1328 1717 non
1353 1686 1495 1729 poteva
1523 1682 1722 1730 esplicarsi,
1752 1695 1863 1719 come
1899 1686 1973 1731 pub

60 1750 61 1753 ’
117 1751 295 1789 accadere
324 1750 454 1786 invece
482 1750 521 1785 in
547 1761 597 1785 un
625 1748 933 1796 componimento
952 1747 1183 1784 descrit‘dvo.

199 1817 266 1854 'Gli
293 1817 468 1853 elementi
497 1814 685 1852 essenziali
713 1817 805 1863 pero
832 1815 871 1851 vi
898 1826 992 1851 sono
1019 1815 1228 1851 conservati
1247 1827 1268 1851 e
1296 1827 1369 1851 con
1396 1816 1465 1851 essi
1492 1815 1519 1850 il
1546 1812 1661 1852 senso*
1679 1816 1876 1863 giuridicO,
1906 1817 1973 1852 che

58 1883 61 1921 j
117 1884 328 1922 costituisce
356 1883 381 1919 il
411 1883 656 1919 fondamento
684 1882 894 1918 necessario
914 1881 1011 1917 delle
1040 1881 1190 1917 Variae:
1218 1883 1309 1928 cosi,
1337 1894 1405 1929 per
1432 1882 1547 1918 citare
1575 1894 1623 1918 un
1651 1883 1831 1930 esempio,
1852 1882 1886 1918 13
1920 1883 1975 1919 di-

72 1974 83 1982 *
118 1951 352 1988 chiarazione
380 1949 442 1986 del
470 1962 510 1985 re
529 1949 567 1985 di
596 1961 671 1984 non
691 1948 902 1986 concedere
930 1960 1041 1984 come
1069 1960 1183 1996 sposo
1212 1961 1234 1984 a
1262 1949 1388 1997 quella
1415 1948 1539 1985 donna
1562 1954 1751 1986 snaturata
1779 1962 1818 1986 se
1846 1962 1922 1986 non
1950 1950 1974 1985 il

66 2044 71 2060 ἦ
116 2018 220 2067 figlio
239 2018 309 2055 che
328 2029 411 2054 essa
437 2018 734 2062 misconosceva,
752 2018 828 2063 pub
857 2027 979 2052 essere
1008 2015 1238 2051 ravvicinata
1257 2014 1329 2051 ana
1358 2015 1517 2051 formula
1535 2015 1590 2052 sul
1618 2017 1857 2052 matrimonio
1877 2016 1976 2053 della

129 2085 243 2121 Varia
270 2084 353 2129 Vn,
384 2083 471 2120 40⁸.
1223 2074 1229 2084 “

202 2152 276 2188 Dei
296 2163 403 2199 capp.
429 2149 485 2196 15,
505 2157 561 2196 ως
597 2149 654 2195 16,
673 2157 728 2196 643
763 2146 821 2194 17,
841 2156 890 2194 65,
910 2150 979 2186 che
998 2149 1196 2186 ricordano
1214 2150 1298 2186 fatti
1325 2149 1538 2197 particolari
1558 2151 1605 2187 ed
1633 2151 1884 2188 avvenimenti
1904 2163 1973 2198 po-

117 2218 221 2263 litici,
238 2217 252 2253 i
270 2217 366 2267 quali
394 2216 690 2254 trascendevano
709 2215 781 2252 alla
808 2215 1141 2253 documentazione
1170 2216 1206 2253 di
1235 2222 1337 2253 carte
1367 2217 1685 2263 amministrative,
1705 2229 1778 2253 non
1805 2218 1834 2253 si
1862 2219 1909 2254 ha
1928 2231 1976 2254 un

59 2287 73 2318 ’.
118 2285 299 2322 riscontro
326 2283 423 2320 nelle
460 2283 611 2320 Variae:
638 2295 700 2319 ma
735 2285 828 2331 pero
865 2283 911 2319 ha
938 2295 986 2318 un
1021 2290 1124 2320 certo
1152 2283 1280 2320 valore
1309 2283 1343 2320 13
1369 2284 1507 2320 notizia
1542 2283 1597 2320 ad
1621 2283 1812 2331 Palmam,
1842 2284 1910 2321 che
1947 2285 1976 2321 si

56 2348 70 2383 ’ἢ
101 2352 257 2408 *ritrova
275 2350 373 2387 nella
390 2351 457 2395 IV,
480 2350 542 2395 30,
563 2362 583 2385 e
604 2349 862 2397 l'espressione
876 2350 1076 2396 palmarae
1094 2349 1294 2400 dignitatis
1310 2351 1627 2400 ftequentemente
1646 2352 1804 2399 ripetuta
1822 2351 1870 2387 da
1883 2353 1975 2388 Cas-

59 2463 60 2466 *
115 2416 271 2455 siodoro
283 2416 309 2453 ⁴.
364 2417 398 2452 E
426 2416 461 2452 la
479 2416 634 2453 solenne
663 2426 851 2463 promessa
870 2415 909 2452 di
937 2416 1164 2462 Teoderic0‚
1186 2417 1286 2465 quod
1297 2419 1396 2453 reiro
1410 2417 1607 2464 princip&
1634 2417 1797 2454 Romam
1824 2418 1977 2455 ordina-

115 2485 259 2530 verunt,
279 2483 547 2520 inviolabiliter
572 2484 817 2528 servaturum,
839 2484 913 2529 pub
933 2494 1054 2518 essere
1082 2483 1312 2519 ravvicinata
1331 2483 1402 2519 alle
1421 2483 1548 2531 parole
1569 2484 1630 2520 del
1649 2484 1711 2530 111,
1739 2485 1801 2520 16:
1829 2484 1975 2532 qualem

8 2543 11 2581 Ῐ
51 2558 57 2596 ᾗ
116 2550 330 2587 Romnum
356 2549 567 2595 principem
593 2549 845 2585 transmisisse
871 2551 1085 2599 cognoscat,·
1112 2550 1173 2594 III,
1210 2549 1275 2589 17:
1314 2550 1488 2586 Libenter
1512 2550 1720 2596 parendum
1749 2552 1803 2588 est
1828 2562 1975 2588 consue-

206 2662 215 2681 ¹
234 2663 281 2690 Cf.
305 2665 411 2693 Variae,
431 2664 478 2694 1x,
499 2671 548 2697 24:
567 2664 639 2688 Nam
657 2672 718 2688 cum
737 2663 870 2697 [Theod.]
890 2667 953 2688 esset
969 2669 1018 2696 pu—
1160 2662 1172 2680 ³
1192 2663 1238 2690 Cf.
1257 2665 1346 2690 anche
1371 2665 1477 2694 Variae,
1503 2666 1524 2695 1,
1544 2671 1593 2699 37:
1612 2666 1647 2695 11,
1669 2673 1717 2699 14:
1742 2666 1792 2696 111,
1812 2672 1861 2699 373
1880 2666 1930 2698 IV,
1948 2674 1975 2700 9.

118 2705 185 2731 blica
202 2713 268 2731 cura
291 2709 430 2733 vacuatus,
448 2707 592 2731 sententias
607 2706 783 2738 prudentium
802 2714 818 2729 α
840 2707 894 2730 tuis
911 2705 1019 2735 fabulis
1072 2706 1156 2732 Nella
1175 2707 1322 2732 declslone
1340 2707 1386 2732 del
1400 2715 1429 2732 re
1442 2708 1467 2732 si
1482 2710 1571 2733 tratta
1592 2707 1862 2742 dell'applieazione
1875 2708 1906 2733 di
1918 2716 1975 2733 una

118 2748 248 2780 exigebat,
266 2750 298 2771 ut
306 2746 395 2778 sactis
410 2749 530 2780 propriis
547 2755 574 2771 se
586 2750 712 2779 aequant
730 2749 858 2779 antiquis.
1073 2755 1174 2773 norma.
1192 2748 1342 2782 imperiale
1362 2749 1434 2774 sulle
1460 2756 1547 2774 nozze
1567 2751 1671 2781 eoatte,
1691 2751 1742 2783 pol
1761 2752 1875 2784 passata
1901 2749 1975 2774 nelle

205 2787 218 2805 ¹
237 2788 284 2814 Cf.
302 2795 372 2822 pure
389 2789 411 2820 1,
429 2794 479 2822 42:
499 2792 531 2813 ut
544 2795 702 2821 graecanam
720 2789 842 2821 dogmata
853 2788 955 2819 ‚feceris
967 2797 1019 2814 esse
1073 2791 1258 2823 leglslazionl
1275 2791 1458 2817 bnrbarlche:
1478 2799 1507 2817 se
1527 2799 1562 2817 ne
1574 2799 1665 2825 vegga
1678 2793 1797 2824 qualche
1817 2793 1924 2818 maccla
1944 2793 1974 2816 in

118 2829 249 2860 mana,
267 2830 329 2863 vn,
353 2838 401 2864 133
425 2831 474 2862 IX,
495 2838 543 2864 143
568 2831 615 2861 1x,
642 2837 690 2864 ²5²
718 2831 855 2864 Originem
882 2831 1018 2856 Gothicam
1072 2832 1164 2864 anr,
1183 2834 1224 2857 De
1243 2833 1323 2858 Mart.
1339 2837 1425 2866 pers„
1438 2841 1462 2859 c.
1483 2833 1532 2866 38:
1555 2834 1584 2860 C.
1606 2835 1667 2864 Th„
1680 2833 1728 2866 111,
1745 2833 1786 2866 10,
1802 2839 1820 2860 ι.
1840 2834 1886 2860 Cf.
1899 2834 1975 2859 Lon-

117 2875 162 2898 aetc.
185 2873 284 2898 Anche
301 2873 332 2898 1ο
357 2872 519 2904 Scmmn.
538 2876 577 2905 op.
597 2874 655 2902 cit..
674 2880 702 2907 p·
723 2880 764 2905 11,
783 2872 798 2898 ὲ
820 2880 963 2907 propenso
982 2874 1018 2898 ad
1073 2882 1137 2908 mo,
1155 2878 1212 2902 Das
1232 2877 1423 2902 Kirchenrecht
1442 2879 1479 2901 im
1498 2878 1595 2902 Reiche
1613 2879 1661 2903 der
1678 2879 1865 2910 Merowinger.
1884 2877 1975 2903 stras-

119 2912 282 2942 nmmettere
301 2917 330 2942 ln
354 2918 536 2943 derlvnzione
555 2917 585 2942 di
605 2919 706 2950 questo
732 2918 812 2943 detto
835 2918 1019 2943 memorabile
1073 2919 1168 2952 sburg,
1190 2918 1267 2952 1878,
1285 2919 1320 2948 11,
1341 2918 1403 2952 605.

120 2958 155 2983 dn
173 2957 360 2985 Caulodoro.
397 2958 429 2985 Sl
441 2959 591 2986 confrontl
605 2959 694 2985 anche
706 2959 728 2991 1,
749 2967 798 2994 313
817 2960 852 2991 11,
869 2967 897 2991 ῖς
911 2959 972 2991 Vn,
987 2967 1019 2994 33
1162 2959 1174 2976 ⁴
1194 2961 1243 2986 Pel
1264 2968 1325 2994 cap.
1346 2959 1388 2992 16,
1406 2965 1442 2992 u,
1461 2961 1497 2986 cs.
1524 2961 1629 2990 Variae,
1648 2962 1683 2994 11,
1706 2961 1746 2987 16.

119 2999 181 3030 VH,
200 3005 243 3034 25.

2005 2674 2037 2691 10

2006 2883 2035 2907 15
