2476 3516
718 256 1028 295 ANONYMUS
1054 256 1395 295 VALESIANUS
1938 257 1985 294 21

137 390 326 428 praecepta
348 383 406 418 die
429 391 552 428 quarta
574 386 674 424 feria,
696 386 843 429 septimo
866 385 1006 419 kalend.
1031 385 1227 429 septembr„
1250 384 1439 419 indictione
1461 391 1595 429 quarta,
1610 384 1756 429 Olybrio
1780 385 1932 424 consule,
1955 392 1993 420 ut

137 437 194 472 die
206 438 380 472 dominico
391 437 600 472 adveniente
611 439 751 472 Arriani
764 439 925 472 basilicas
939 439 1129 473 catholicas
1144 439 1360 472 invaderent.
1395 439 1428 482 [9
1429 439 1476 481 5]-
1489 438 1561 472 Sed
1576 439 1636 482 qui
1651 449 1722 472 non
1733 439 1862 481 patitur
1872 438 1994 472 fideles

137 491 288 524 mltores
308 501 389 538 suos
409 490 456 524 ab
477 491 682 536 alienigenis
705 493 863 535 opprimi,
886 502 965 525 mox
987 492 1102 526 intulit
1123 493 1160 525 in
1183 503 1262 525 eum
1285 492 1492 525 sententiam
1514 492 1608 525 Arrii
1639 492 1790 525 auctoris
1813 492 1993 536 religionis

72 576 75 587 ‚-
137 545 226 578 eius:
249 544 376 577 fluxum
399 545 529 578 ventris
551 546 696 578 incurrit
718 551 754 579 et
776 545 859 579 dum
881 546 971 578 intra
994 545 1145 579 triduum
1169 551 1356 579 evacuatus
1379 546 1513 584 fuisset,
1529 545 1654 579 eodem
1669 545 1739 584 die,
1762 555 1832 589 quo
1854 555 1892 578 se
1908 555 1993 590 gau-

74 596 113 630 >5
135 597 243 631 debat
265 597 432 630 ecclesias
454 597 632 637 invadere,
655 598 755 631 simul
776 608 923 643 regnum
946 604 982 632 et
1003 599 1153 631 animam
1175 599 1299 632 amisit.

224 705 279 737 33.
301 723 344 728 -
368 703 448 748 [96].
471 704 566 749 Ergo
589 710 774 748 antequam
797 705 986 744 exhalaret,
1009 711 1171 748 nepotem
1194 716 1291 739 suum
1313 705 1552 739 Athalaricum
1579 706 1616 739 in
1638 716 1783 750 regnum
1807 706 1992 740 constituit.

223 757 270 791 Se
293 764 408 791 autem
431 758 510 791 vivo
534 758 620 791 fecit
642 758 707 791 sibi
735 764 991 792 monumentum
1022 770 1066 792 ex
1088 759 1206 802 lapide
1236 759 1417 802 quadrato,
1447 760 1555 792 mirae
1577 759 1824 804 magnitudinis
1847 770 1933 803 opus
1957 765 1992 792 et

73 852 77 859 1
136 821 256 844 saxum
279 812 467 856 ingentem,
490 822 593 855 quem
617 818 878 854 superponeret,
901 811 1088 855 inquisivit.

232 957 254 976 1.
273 951 346 976 {erla
363 958 412 976 on·-
432 952 461 976 P
477 963 488 969 -
507 950 535 976 k.
554 958 597 976 oe.
616 951 694 982 ng.
713 953 804 985 osept.
823 949 886 976 ΒΝ
905 965 938 969 -
959 958 984 977 2.
1003 952 1183 978 veniente?
1200 965 1210 970 -
1229 950 1266 967 ³⁸*
1279 952 1390 978 arriani
1408 952 1435 976 B
1454 966 1486 971 -—
1506 960 1531 986 3.
1550 952 1724 985 alienlgena
1743 952 1788 981 B,-
1813 951 1983 985 allenlgenis

135 990 219 1018 8²10
236 1006 269 1012 -
288 1001 314 1026 4.
332 992 411 1018 fluxu
428 993 474 1021 B,-
492 993 542 1024 qui
561 992 639 1018 fluxu
657 994 686 1018 P
701 1006 713 1012 -
738 993 837 1018 triduo
855 994 919 1019 BP
934 1000 988 1018 ·re
1006 993 1085 1022 BP,-
1099 1001 1128 1018 se
1145 991 1188 1019 P¹
1211 1008 1243 1013 -
1257 1001 1282 1027 5.
1301 995 1397 1019 anima
1410 994 1454 1023 B,-
1472 992 1694 1019 anlmamB²P
1711 1009 1743 1013 --
1762 993 1788 1020 6.
1806 994 1934 1019 exalaret
1945 994 1990 1023 B,-

136 1035 261 1060 anlmam
282 1034 428 1060 exhalaret
440 1035 468 1059 P
486 1048 519 1053 —
538 1040 564 1067 7.
582 1036 654 1060 mlre
671 1035 716 1063 B,-
729 1035 818 1061 mirae
829 1033 873 1060 B²
886 1049 919 1054 —
933 1034 958 1060 8.
977 1036 1079 1068 lugens
1097 1035 1174 1068 quod
1186 1034 1228 1062 ΡΙ
1248 1049 1259 1054 -
1278 1043 1470 1070 superponere
1488 1036 1514 1060 B
1531 1050 1543 1056 -
1562 1036 1695 1069 lnqulslV
1712 1037 1758 1066 B,·
1776 1036 1930 1069 lnqulslvlt
1947 1033 1991 1060 B·
