2476 3516
277 1494 357 1518 uun..
371 1495 419 1519 ⁶40.
434 1495 483 1517 vll

505 182 548 217 18
1090 181 1371 223 ANONYMU
1371 182 1397 220 S
1425 181 1739 221 VALESIANU
1739 184 1765 221 S

505 257 693 264 ..u-...u-..u-m-
695 256 2340 265 .....................................................................................................................................................................................................
2341 260 2359 266 .-

590 315 643 346 22.
663 333 699 338 -
719 314 783 357 ὓι]
799 314 884 348 Erat
907 314 998 347 enim
1021 318 1153 346 amator
1176 312 1388 346 fabricarum
1409 318 1444 346 et
1466 318 1676 346 restaurator
1691 313 1879 347 civitatum.
1909 315 1977 348 Hic
1992 315 2269 360 acquaeductum
2285 316 2350 350 Ra-

499 378 634 401 vennae
658 368 873 405 restauravit,
896 377 999 410 quem
1023 367 1186 408 princeps
1202 366 1374 398 Traianus
1390 365 1536 404 fecerat,
1553 371 1588 398 et
1610 372 1688 408 post
1710 367 1817 400 multa
1832 373 1989 411 tempora
2004 379 2129 412 aquam
2152 369 2341 403 introduxit
2348 382 2357 408 ;

500 421 665 464 palatium
689 431 797 463 usque
821 420 867 453 ad
890 420 1086 462 perfectum
1109 418 1206 456 fecit,
1229 429 1332 461 quem
1355 429 1426 451 non
1448 417 1626 452 dedicavit
1633 431 1642 456 ;
1666 419 1800 461 portica
1824 421 1918 453 circa
1940 422 2105 463 palatium
2128 423 2290 465 perfecit.
2411 467 2415 469 ⁴

585 474 673 508 Item
696 474 858 507 Veronae
882 474 1033 506 thermas
1057 478 1092 505 et
1115 471 1280 514 palatium
1304 472 1391 505 fecit
1415 478 1450 504 et
1472 482 1493 503 a
1517 478 1617 514 porta
1639 482 1748 515 usque
1772 473 1819 506 ad
1842 475 2007 516 palatium
2022 476 2192 518 porticum
2207 475 2360 514 addidit;
2404 494 2409 512 7

500 527 787 571 aequaeductum,
810 526 905 569 quod
928 536 992 568 per
1014 525 1121 558 multa
1144 530 1301 567 tempora
1332 524 1545 558 destructum
1577 525 1701 563 fuerat,
1730 527 1911 560 renovavit
1941 534 1977 562 et
2005 538 2130 571 aquam
2161 529 2359 567 intromisit3

500 588 615 611 muros
637 578 723 610 alios
747 587 854 610 novos
878 576 1002 610 circuit
1025 576 1210 608 civitatem.

587 629 675 662 Item
699 628 814 661 Ticini
838 627 1015 670 palatium,
1038 627 1200 665 thermas,
1224 625 1490 668 amphiteatrum
1514 632 1550 660 et
1572 627 1659 660 alios
1681 638 1796 661 muros
1820 628 1969 662 civitatis
1992 629 2088 663 fecit.
2404 663 2410 665 s
2447 659 2450 661 .

587 679 666 721 [72].
690 677 762 711 Sed
786 684 821 711 et
847 689 911 720 per
937 678 1022 710 alias
1054 678 1211 710 civitates
1237 677 1344 710 multa
1376 677 1547 711 beneficia
1574 676 1755 720 praestitit.
1800 678 1860 712 Sic
1892 680 1983 712 enim
2014 680 2202 715 oblectavit
2232 682 2363 716 vicinas
2408 697 2411 700 ·
2444 682 2453 698 ”

494 738 627 777 gentes,
651 738 688 764 ut
711 743 748 764 se
771 732 821 764 illi
839 731 902 764 sub
919 731 1044 764 foedus
1061 730 1186 764 darent
1213 737 1245 760 <
1260 731 1349 763 aliae
1373 737 1496 774 gentes
1513 739 1544 762 >
1571 731 1636 764 sibi
1663 743 1741 765 eum
1764 743 1883 777 regem
1900 740 2090 776 sperantes.
2135 735 2364 779 Negotiantes
2406 741 2408 745 ’
2449 752 2453 775 5

498 796 581 818 vero
609 785 654 818 de
678 785 823 818 diversis
848 785 1036 827 provinciis
1059 783 1105 817 ad
1129 784 1241 827 ipsum
1266 784 1538 822 concurrebant,
1562 790 1679 818 tantae
1711 786 1803 819 enim
1834 786 2039 830 disciplinae
2065 788 2140 826 fuit,
2164 794 2211 827 ut,
2233 789 2261 821 si
2285 789 2362 833 quis
2388 789 2403 823 1
2450 780 2454 790 ς

498 839 606 871 voluit
628 839 665 870 in
694 835 816 883 agrum
847 849 945 871 suum
976 843 1158 882 argentum
1182 838 1238 871 vel
1269 849 1390 871 aurum
1421 837 1606 878 dimittere,
1633 849 1676 872 ac
1704 840 1732 872 si
1761 840 1851 873 intra
1877 852 1992 874 muros
2021 842 2169 875 civitatis
2192 839 2294 882 esset,
2317 843 2364 876 ita
2409 875 2412 876 γ

500 892 761 925 existimaretur.
2410 923 2411 926 ,

587 943 621 985 [7
621 944 668 986 3].
681 942 727 976 Et
739 943 806 976 hoc
818 953 882 986 per
893 948 1001 976 totam
1012 942 1147 976 Italiam
1159 943 1396 976 tantummodo
1409 944 1589 988 augurium
1603 944 1765 983 habebat,
1777 951 1815 979 ut
1827 946 1911 978 nulli
1924 946 2054 980 civitati
2067 953 2201 989 portam
2218 947 2363 986 faceret,

499 985 566 1030 nec
590 997 625 1029 in
648 997 787 1030 civitate
811 1002 932 1040 portae
956 996 1218 1030 claudebantur.
1266 995 1400 1036 Quivis,
1424 997 1518 1041 quod
1542 1008 1628 1041 opus
1652 998 1814 1037 habebat,
1830 999 1994 1038 faciebat,
2016 1011 2084 1044 qua
2101 1001 2186 1033 hora
2201 1001 2308 1034 vellet
2321 1011 2364 1034 ac
2408 1004 2412 1037 Ῑ

499 1050 527 1082 si
551 1050 587 1082 in
611 1049 680 1083 die.
725 1048 916 1095 Sexaginta
939 1050 1073 1084 modios
1096 1050 1201 1085 tritici
1225 1050 1262 1085 in
1286 1050 1434 1084 solidum
1457 1051 1565 1096 ipsius
1589 1057 1745 1096 tempore
1770 1053 1912 1087 fuerunt
1936 1060 1971 1088 et
1993 1054 2109 1087 vinum
2132 1054 2274 1098 triginta
2294 1065 2366 1087 am-
2390 1049 2414 1087 1'

501 1101 628 1145 phoras
651 1101 688 1135 in
711 1101 868 1136 solidum.

590 1218 643 1250 23.
660 1236 701 1241 —-
717 1218 800 1260 [74].
816 1218 951 1252 Eodem
966 1218 1084 1262 itaque
1107 1224 1263 1261 tempore
1288 1211 1440 1252 habebat
1455 1218 1659 1252 Anastasius
1682 1220 1871 1263 imperator
1894 1226 1964 1253 tres
1988 1227 2143 1263 nepotes,
2158 1221 2250 1256 idest
2263 1220 2365 1256 Pom·
2409 1223 2415 1254 .’

501 1271 628 1313 peium‚
652 1271 804 1305 Probum
828 1279 863 1306 et
884 1273 1091 1317 Hypatium:
1116 1274 1273 1318 cogitans
1304 1284 1407 1317 quem
1438 1274 1483 1307 de
1507 1274 1591 1317 ipsis
1618 1274 1753 1307 faceret
1776 1281 1854 1317 post
1877 1286 1914 1307 se
1937 1275 2192 1318 imperatorem,
2214 1274 2365 1320 quodam

500 1323 558 1357 die
582 1325 679 1359 iussit
703 1337 762 1359 eos
786 1337 903 1360 secum
928 1327 1102 1370 prandere
1126 1333 1161 1360 et
1183 1328 1273 1360 intra
1297 1327 1461 1370 palatium
1485 1334 1564 1370 post
1586 1327 1769 1371 prandium
1793 1329 1968 1362 meridiari
1993 1335 2028 1362 et
2050 1329 2186 1374 singula
2208 1330 2300 1364 lecta
2315 1330 2365 1363 eis

500 1378 606 1410 sterni
631 1385 666 1412 et
688 1380 725 1412 in
747 1391 816 1413 uno
839 1380 931 1413 lecto
955 1381 1053 1414 iussit
1075 1380 1121 1414 ad
1145 1387 1250 1423 caput
1272 1392 1418 1425 regnum
1441 1381 1523 1423 poni
1548 1387 1583 1414 et
1605 1382 1683 1424 quis
1705 1382 1750 1415 de
1774 1382 1858 1425 ipsis
1881 1382 1917 1415 in
1940 1382 2064 1416 eodem
2088 1383 2180 1416 lecto
2203 1383 2366 1428 elegisset
2402 1399 2409 1407 ⁴

502 1431 664 1471 dormire,
688 1433 724 1466 in
747 1434 814 1467 hoc
831 1444 868 1467 se
885 1433 1016 1467 debere
1033 1445 1258 1479 cognoscere,
1275 1435 1331 1468 cui
1347 1445 1493 1479 regnum
1508 1441 1630 1478 postea
1645 1435 1809 1469 traderet.
1855 1435 1955 1469 Unus
1971 1436 2112 1479 quidem
2128 1437 2164 1470 in
2187 1447 2256 1470 uno
2272 1437 2364 1470 lecto

507 1495 544 1517 se
567 1485 719 1525 iactavit,
743 1486 812 1520 duo
835 1488 927 1520 enim
950 1488 987 1520 in
1009 1488 1078 1521 alio
1101 1498 1218 1521 amore
1242 1488 1397 1521 fraterno
1421 1499 1458 1521 se
1483 1489 1770 1523 conlocaverunt:
1795 1495 1830 1522 et
1845 1490 1893 1522 ita
1909 1490 2055 1534 contigit
2070 1496 2107 1523 ut
2121 1490 2158 1523 in
2172 1489 2247 1523 'illo
2262 1490 2366 1529 lecto,
2424 1498 2426 1502 ·

502 1537 561 1571 ubi
586 1550 732 1583 regnum
754 1541 901 1583 positum
926 1547 1010 1580 erat,
1034 1541 1148 1574 nullus
1172 1552 1290 1575 eorum
1313 1541 1489 1575 dormiret.
1536 1542 1570 1584 [7
1571 1542 1617 1584 5].
1641 1542 1730 1575 Dum
1762 1543 1850 1576 haec
1880 1542 2032 1582 vidisset,
2064 1543 2181 1586 coepit
2210 1543 2365 1588 cogitare

503 1591 594 1625 intra
610 1603 647 1625 se
664 1599 700 1626 et
715 1593 853 1627 discens
870 1605 912 1628 eo
927 1594 1023 1637 quod
1038 1595 1152 1628 nullus
1168 1605 1287 1628 eorum
1302 1601 1475 1639 regnaret,
1500 1596 1617 1638 coepit
1639 1606 1738 1629 orare
1762 1596 1873 1629 Deum
1889 1603 1927 1630 ut
1941 1597 1991 1629 illi
2014 1597 2181 1630 revelatio
2204 1597 2313 1635 fieret,
2328 1603 2366 1631 ut
2429 1621 2433 1627 .

505 1645 595 1678 scire
618 1647 736 1688 possit,
759 1646 842 1680 dum
865 1648 1055 1687 adviveret,
1078 1649 1137 1692 qui
1162 1655 1240 1691 post
1254 1659 1417 1682 occasum
1434 1649 1507 1682 eius
1523 1660 1668 1694 regnum
1685 1650 1887 1692 susciperet.
1933 1650 2032 1683 Haec
2049 1650 2173 1684 eodem
2189 1651 2363 1695 cogitante
2381 1644 2430 1684 '21

504 1703 540 1731 et
562 1705 683 1733 orante
706 1711 785 1733 cum
807 1701 948 1740 ieiunio,
971 1701 1121 1745 quadam
1144 1708 1247 1736 nocte
1270 1702 1358 1736 vidit
1381 1702 1566 1741 hominem,
1589 1703 1648 1746 qui
1679 1703 1728 1736 ita
1751 1715 1829 1736 eum
1859 1703 2054 1737 admonuit:
2091 1706 2106 1722 ‘⁴
2119 1703 2279 1738 Crastino
2305 1705 2365 1748 qui

510 1751 600 1785 “tibi
617 1753 747 1795 primus
769 1755 859 1787 intra
876 1755 1073 1789 cubiculum
1089 1756 1263 1790 nuntiatus
1280 1756 1396 1794 fuerit,
1418 1756 1494 1799 ipse
1517 1756 1669 1799 accipiet
1691 1762 1770 1799 post
1798 1763 1833 1791 te
1857 1768 2002 1801 regnum
2025 1763 2120 1791 tuum
2134 1781 2164 1798 „.
2209 1756 2290 1800 [76].
2313 1757 2366 1791 Ita

503 1804 634 1838 factum
658 1812 710 1840 est
732 1813 771 1840 ut
791 1807 952 1847 Iustinus,
975 1809 1035 1852 qui
1059 1820 1176 1842 comes
1200 1815 1275 1843 erat
1298 1809 1547 1848 excubitorum,
1571 1809 1653 1843 dum
1684 1810 1893 1849 advenisset,
1923 1810 1981 1843 ubi
2005 1810 2158 1844 directus
2183 1810 2299 1844 fuerat
2320 1810 2367 1843 ab
2416 1850 2419 1853 Γ

501 1858 720 1901 imperatore,
744 1862 958 1895 renuntiaret
980 1863 1066 1905 ipse,
1091 1868 1126 1896 et
1148 1863 1322 1896 nuntiatus
1347 1869 1399 1896 est
1421 1863 1551 1906 primus
1574 1874 1638 1906 per
1661 1864 1894 1907 praepositum
1918 1864 2087 1897 cubiculi:
2110 1874 2258 1908 cumque
2276 1864 2365 1897 haec
2419 1874 2428 1888 ’·

505 1913 735 1955 cognovisset,
751 1914 868 1957 coepit
882 1915 1011 1959 gratias
1028 1915 1096 1949 deo
1111 1916 1258 1954 referre,
1274 1916 1333 1960 qui
1350 1917 1382 1949 ei
1399 1915 1560 1960 dignatus
1577 1922 1630 1950 est
1644 1917 1802 1950 revelare
1819 1928 2065 1951 successorem.
2111 1917 2192 1960 [77].
2208 1916 2365 1961 Cumque

505 1964 594 1998 haec
617 1965 711 2008 apud
734 1977 771 1999 se
795 1968 901 2000 tacite
925 1968 1113 2007 habuisset,
1136 1969 1287 2012 quadam
1309 1968 1366 2002 die
1382 1969 1580 2012 procedens
1595 1970 1793 2012 imperator,
1810 1970 1892 2003 dum
1909 1970 2055 2003 festinus
2071 1970 2245 2013 [Iustinus]
2260 1970 2367 2004 vellet

503 2028 524 2049 a
547 2018 656 2051 latere
679 2019 896 2062 imperatoris
922 2022 1080 2060 transire,
1108 2022 1312 2065 obsequium
1339 2021 1501 2055 ordinare
1529 2023 1673 2061 vellens,
1704 2023 1854 2056 calcavit
1885 2022 2104 2067 chlamydem
2128 2023 2364 2066 imperatoris;

505 2070 576 2113 [78]
602 2072 658 2104 cui
682 2072 869 2115 imperator
892 2074 959 2108 hoc
982 2081 1114 2108 tantum
1137 2075 1242 2108 dixit:
1271 2075 1383 2119 “quid
1407 2075 1576 2109 festinas?
1590 2100 1619 2116 „.
1654 2076 1747 2109 Nam
1770 2076 1889 2110 ultima
1904 2077 1975 2110 vita
1997 2077 2097 2121 regni
2120 2077 2172 2109 sui
2194 2083 2367 2120 temptans
2435 2101 2436 2104 η

503 2134 582 2156 eum
611 2123 780 2164 diabolus,
807 2126 940 2160 vellens
970 2134 1101 2161 sectam
1123 2128 1373 2162 Eunomianam
1404 2130 1502 2172 sequi
1527 2128 1657 2172 [***]:
1689 2140 1793 2173 quem
1815 2130 1962 2173 populus
1986 2129 2099 2163 fidelis
2121 2130 2295 2173 repressit,
2319 2130 2367 2163 ita
2420 2127 2439 2167 J

504 2182 543 2210 ut
565 2178 597 2210 ei
620 2178 658 2211 in
680 2179 831 2212 ecclesia
854 2180 1077 2215 clamaretur:
1107 2183 1122 2199 ⁸
1134 2181 1175 2214 In
1198 2182 1384 2216 trinitatem
1407 2182 1601 2216 lanceolam
1623 2193 1694 2216 non
1715 2183 1863 2224 mittis„
1909 2182 1991 2216 Non
2013 2188 2092 2225 post
2113 2183 2255 2217 multum
2281 2188 2367 2217 tem-
2419 2190 2430 2194 ”

505 2230 599 2273 poris
622 2231 659 2264 in
681 2231 773 2266 lecto
797 2243 858 2266 suo
880 2233 971 2267 intra
993 2234 1115 2268 urbem
1138 2234 1482 2278 Constantinopolim,
1505 2235 1626 2269 morbo
1648 2242 1773 2275 tentus,
1797 2242 1984 2270 extremam
2007 2236 2130 2270 clausit
2152 2235 2255 2270 diem.

595 2390 619 2417 3.
639 2390 727 2417 usque
744 2384 789 2414 B,-
806 2392 912 2418 usquae
930 2383 975 2410 8²
994 2399 1005 2405 -
1023 2393 1105 2418 quem
1124 2387 1168 2414 P,-
1192 2386 1270 2418 quod
1289 2384 1336 2411 P*
1354 2400 1365 2405 -
1391 2387 1540 2412 dedecavit
1558 2387 1586 2412 B
1591 2397 1603 2416 ,·
1628 2388 1774 2413 dedicavit
1792 2386 1839 2412 ΒΖ
1858 2402 1892 2407 -
1911 2396 1937 2421 4.
1961 2395 2067 2413 verone
2085 2387 2129 2419 B,·
2146 2394 2270 2413 veronae
2287 2385 2333 2413 Β*
2351 2401 2362 2407 -

506 2427 610 2452 termas
628 2428 655 2452 B
673 2442 684 2447 -
703 2429 773 2454 fecit
791 2437 839 2455 om.
852 2430 882 2455 P
897 2443 907 2449 -
926 2430 963 2455 ad
983 2432 1068 2464 porta
1085 2431 1112 2454 Β
1129 2443 1141 2449 -
1160 2430 1291 2456 reddedit
1302 2431 1345 2462 B,-
1363 2431 1489 2457 reddidlt
1502 2429 1584 2456 B²P
1599 2445 1632 2450 —
1654 2439 1679 2466 5.
1692 2439 1742 2466 per
1760 2432 1851 2458 multa
1870 2434 2000 2466 tempora
2014 2432 2041 2457 P
2057 2446 2091 2450 —
2105 2431 2130 2458 6.
2143 2432 2279 2458 circuivit
2290 2432 2362 2458 P*-

507 2475 534 2503 7.
552 2471 677 2497 ticenum
697 2473 724 2497 B
741 2486 752 2492 -
771 2474 886 2507 palacia
903 2472 949 2499 Βι
967 2487 980 2494 -
998 2476 1101 2500 termas
1120 2474 1147 2498 B
1163 2488 1197 2493 —
1216 2482 1242 2507 9.
1267 2475 1324 2500 alie
1352 2474 1437 2507 (aliae
1455 2473 1512 2507 B2)
1537 2478 1635 2509 gentes
1653 2477 1681 2501 Β
1687 2486 1698 2505 ,·
1716 2484 1764 2501 om.
1785 2477 1814 2502 P
1828 2485 1842 2500 e
1860 2474 1905 2501 B*
1922 2490 1957 2495 —
1979 2483 2020 2501 10.
2045 2478 2185 2502 tante....
2209 2476 2363 2511 discipline

504 2514 551 2544 B,-
567 2517 730 2543 tantae-u.
748 2518 920 2551 disciplinae
938 2516 984 2542 B²
1003 2531 1036 2536 —
1059 2525 1100 2543 11.
1119 2526 1189 2551 agro
1208 2526 1261 2543 suo
1279 2519 1344 2545 BP
1359 2532 1370 2538 -
1390 2519 1506 2545 dimitte
1523 2519 1568 2547 B,-
1587 2519 1733 2546 dimittere
1751 2518 1796 2544 Β*
1814 2534 1848 2539 -—-
1870 2527 1911 2553 13.
1930 2522 2024 2546 totum
2048 2520 2135 2545 modo
2153 2521 2197 2548 B.-
2214 2528 2264 2546 om.
2283 2517 2366 2547 132?

507 2571 518 2577 -
536 2561 621 2593 porta
640 2560 758 2586 faecerlt
776 2562 802 2585 Β
809 2571 820 2590 ,·
839 2563 938 2595 portas
956 2562 1060 2587 faceret
1079 2560 1162 2587 3²1²
1185 2575 1217 2580 —
1244 2569 1286 2595 14.
1312 2562 1418 2596 ροντ’*
1437 2570 1496 2588 non
1522 2563 1615 2589 claud.
1634 2564 1679 2592 B:
1696 2566 1796 2598 portae
1822 2564 1915 2589 claud.
1933 2562 1978 2588 B²
1997 2577 2008 2582 -
2027 2565 2090 2596 quis
2109 2564 2173 2590 BP
2189 2577 2199 2583 -
2217 2564 2302 2590 vellit
2319 2564 2363 2592 B.-
2394 2570 2408 2597 5
2430 2563 2434 2598 j
2452 2573 2455 2601 ς

507 2603 580 2629 velit
597 2601 662 2628 ΒΗ
676 2618 708 2623 -
725 2610 766 2638 15.
785 2605 861 2631 diem
880 2606 907 2630 B
923 2618 935 2625 -
954 2606 1066 2631 modlos
1085 2606 1164 2635 BP,-
1182 2606 1275 2631 modii
1293 2604 1336 2631 P*
1355 2619 1366 2625 -
1385 2607 1486 2632 vinum
1499 2607 1580 2636 BP,-
1598 2607 1663 2632 vini
1681 2605 1726 2632 Ρ2
1745 2621 1779 2626 -
1801 2607 1889 2640 15-16.
1909 2608 2026 2633 anforas
2044 2608 2125 2637 BP,-
2144 2608 2258 2634 anfores
2271 2608 2315 2633 P·
2328 2622 2361 2627 —

508 2646 599 2679 17-18.
617 2649 753 2682 pompelo
771 2650 863 2683 probo
882 2652 911 2676 et
928 2651 1028 2684 ypatIo
1041 2650 1068 2674 B
1074 2659 1086 2679 ,-
1098 2650 1263 2684 pompelum
1283 2651 1405 2683 probum
1423 2653 1452 2676 et
1469 2652 1601 2685 ypatium
1619 2649 1663 2676 Β*
1682 2665 1716 2671 -
1738 2651 1779 2677 18.
1797 2659 1851 2684 que
1869 2652 1896 2676 B
1915 2665 1948 2671 -
1969 2659 2010 2685 19.
2029 2652 2108 2677 intra
2126 2652 2153 2676 Β
2159 2661 2171 2681 ,·
2189 2652 2267 2677 infra
2285 2650 2367 2677 B’P

508 2704 519 2710 -
537 2691 649 2726 palatio
667 2693 694 2717 Β
701 2702 712 2721 ,-
730 2694 870 2727 palatium
889 2692 935 2718 Β,
954 2708 988 2713 -
1007 2701 1051 2720 20.
1069 2695 1163 2728 capite
1187 2694 1233 2723 Β,·
1245 2696 1331 2728 caput
1349 2696 1378 2720 P
1392 2708 1403 2713 -
1429 2695 1504 2720 lecto
1529 2703 1577 2721 om.
1596 2696 1625 2721 Ρ
1640 2709 1674 2715 —-
1695 2702 1737 2721 22.
1762 2697 1823 2722 allo
1841 2696 1887 2725 B,·
1911 2704 1970 2721 uno
1989 2697 2017 2722 P
2033 2710 2043 2715 -
2062 2704 2156 2722 amare
2173 2695 2216 2722 ΡΙ
2238 2709 2249 2715 -
2274 2697 2362 2722 frater

508 2735 591 2759 temo
611 2736 640 2761 P
655 2748 666 2754 -
685 2737 930 2762 saeculieaverunt
947 2737 975 2762 B
981 2747 993 2766 ,-
1016 2737 1283 2762 saec*nlocaverunt
1301 2735 1346 2762 B²
1365 2750 1376 2756 -
1394 2739 1423 2763 et
1442 2736 1502 2768 8⁸3
1522 2746 1571 2764 om.
1589 2739 1615 2763 B
1628 2752 1660 2757 —
1676 2745 1718 2772 ²3·
1737 2740 1787 2765 hec
1806 2740 1849 2768 B,-
1867 2740 1936 2764 haec
1954 2737 1999 2764 B²
2013 2754 2045 2758 —-
2060 2747 2102 2773 ²4-
2116 2740 2210 2765 dicere
2221 2740 2300 2769 BP,-
2319 2740 2362 2765 ‹n-
2436 2747 2438 2751 ’

508 2785 588 2804 scens
606 2779 643 2803 Μ
656 2792 667 2798 -
685 2780 760 2806 fierit
778 2781 805 2805 Β
811 2790 823 2809 ,·
840 2781 918 2806 fleret
935 2779 980 2806 B·
999 2794 1033 2800 -—
1053 2787 1096 2815 ²5·
1114 2782 1178 2814 quis
1197 2782 1224 2805 Β
1240 2794 1254 2800 -
1271 2781 1323 2806 hec
1335 2781 1362 2805 B
1373 2794 1384 2800 -
1398 2783 1573 2815 cogitantem
1592 2783 1619 2806 B
1631 2796 1664 2801 -
1678 2782 1720 2809 26.
1741 2785 1828 2808 noctu
1846 2784 1873 2808 B
1891 2797 1925 2802 --
1945 2789 1988 2816 27.
2007 2786 2073 2817 post
2092 2783 2133 2817 te]
2155 2785 2266 2818 potente
2282 2784 2310 2808 B
2329 2797 2362 2802 —
2393 2776 2437 2818 10⁵-
2458 2805 2459 2809 ,

510 2829 553 2857 29.
571 2822 611 2856 et]
630 2824 658 2849 el
676 2824 702 2848 B
720 2836 732 2843 —
749 2824 819 2851 haec
836 2823 882 2850 8²
901 2839 934 2844 —
954 2832 998 2859 30.
1023 2833 1196 2851 succesorem
1215 2825 1242 2850 Β
1265 2839 1299 2844 -
1319 2833 1362 2858 31.
1381 2826 1506 2851 abuisset
1524 2827 1550 2850 B
1568 2840 1580 2846 -
1600 2827 1663 2852 diae
1681 2826 1725 2852 Βι
1744 2841 1755 2846 -
1774 2828 1926 2862 procidens
1943 2828 1970 2852 Β
1976 2837 1988 2856 ,·
2007 2828 2162 2862 procedens
2182 2826 2228 2853 Β*
2245 2841 2259 2848 -
2276 2828 2361 2854 Iusti·
2437 2822 2440 2827 ⁵
2456 2824 2459 2831 ⁴

510 2874 563 2892 nus
575 2874 668 2901 ung-„-
680 2875 729 2894 οιυι.
743 2868 852 2895 ΒΡ-
867 2875 909 2903 3²·
923 2869 1025 2895 nolens
1036 2870 1086 2896 P·
1100 2870 1200 2895 clama.
1218 2870 1263 2898 B,-
1281 2869 1431 2895 clamidem
1443 2868 1508 2894 8¹·
1526 2883 1559 2889 —
1580 2878 1622 2904 33.
1642 2872 1672 2896 ln
1691 2872 1795 2897 ultIma
1813 2873 1842 2897 P
1858 2885 1890 2890 —
1912 2879 1954 2906 34.
1973 2872 2080 2897 vellens
2098 2873 2142 2901 B,-
2161 2873 2261 2898 volens
2280 2867 2366 2898 8¹?

509 2923 522 2931 -
540 2912 743 2938 eumnomiana
761 2912 806 2942 Β,-
824 2912 1011 2939 eu⁸nomiana
1029 2911 1091 2945 B³;
1109 2913 1351 2939 eumominianam
1370 2914 1414 2942 P:
1431 2914 1641 2940 eumomianam
1659 2913 1703 2941 Ρι
1722 2929 1733 2935 -
1753 2916 1904 2950 repraessit
1922 2914 1966 2940 B²
1985 2930 2018 2935 -
2031 2922 2074 2950 35.
2092 2917 2120 2941 ei
2138 2915 2182 2942 P¹
2199 2930 2210 2935 -
2229 2917 2362 2942 trinitate
2434 2923 2460 2951 st&

509 2956 641 2982 lanceola
653 2956 680 2981 B
692 2969 705 2976 -
717 2964 777 2982 non
789 2964 838 2983 on·-
851 2957 881 2984 1²
891 2970 925 2977 —
939 2957 983 2992 3⁶.
996 2957 1276 2984 constantinoboum
1285 2957 1332 2987 B,-
1345 2956 1638 2993 Constantinopolim
1649 2957 1713 2984 B¹¹
1725 2973 1737 2980 -
1750 2962 1874 2995 temptu-
1890 2960 1936 2990 B,·
1953 2961 2050 2986 tentus
2067 2958 2111 2985 B*
2120 2961 2149 2986 P
2165 2973 2176 2980 —
2193 2962 2319 2987 extrema
2334 2959 2363 2985 Β
2452 2985 2454 2988 ,
