2476 3516
724 219 1031 259 ANONYMUS
1057 218 1410 271 VALESIANUS
1940 212 1984 255 17

0 340 1 343 ¹
45 358 48 371 ’·
131 352 194 389 re'x
207 362 278 387 non
293 362 370 386 esse
387 352 559 386 facturum
576 351 640 385 sub
654 350 890 385 iusiurandum
905 351 1080 395 pollicitus
1096 356 1158 389 est,
1175 350 1239 383 nisi
1263 350 1385 394 ipsum,
1401 359 1471 383 non
1493 348 1609 387 alium,
1624 347 1802 390 acciperet
1817 346 1987 385 maritum,

82 450 83 454 Ἰ
129 414 212 442 tunc
234 407 381 440 confusa
404 411 457 439 est
479 405 603 438 mulier
625 411 661 439 et
683 405 846 439 confessa
870 410 922 438 est
945 416 1043 438 suum
1066 415 1142 438 esse
1165 403 1284 437 filium.

217 459 306 494 Sunt
329 459 404 492 eius
427 464 462 492 et
484 459 591 492 multa
614 458 694 491 alia.

86 597 89 599 ,
220 564 270 599 15.
294 584 336 589 -
361 563 396 608 [ό
396 566 445 609 31.
468 565 595 599 Postea
625 576 709 599 vero
739 570 886 608 accepta
910 575 1017 598 uxore
1048 564 1093 597 de
1124 563 1270 597 Francis
1300 563 1438 596 nomine
1468 561 1709 606 Augofladam,
1726 570 1818 595 ,nam
1840 570 1982 593 uxorem

126 619 246 654 habuit
267 625 348 653 ante
372 630 534 664 regnum,
557 619 602 652 de
626 629 695 662 qua
721 623 922 661 susceperat
948 618 1052 650 filias:
1075 627 1179 650 unam
1202 615 1316 655 dedit,
1347 616 1485 649 nomine
1507 614 1702 659 Areaagni,
1725 613 1878 659 Alarico,
1905 613 1980 657 regi

85 683 86 686 ’
126 673 398 718 wisigothorum
436 673 473 708 in
502 672 652 711 Gallias,
683 678 719 706 et
747 672 850 712 aliam
880 671 986 713 filiam
1019 682 1115 704 suam
1145 669 1435 715 Theodegotham
1468 667 1708 714 sigismundo,
1738 667 1809 710 filio
1839 666 1982 700 Gunde-

91 735 94 738 ’
125 726 206 762 badi
229 727 333 771 regis.

86 870 89 872 .
218 841 269 874 16.
292 859 334 864 —
356 839 439 884 [641.
461 840 572 874 Facta
595 850 684 883 pace
708 850 787 873 cum
810 839 995 872 Anastasio
1018 838 1227 881 imperatore
1250 848 1314 880 per
1336 837 1477 870 Festum
1500 835 1546 869 de
1569 835 1848 879 praesumptione
1871 834 1983 882 regni,

88 939 89 942 Ἴ
125 901 161 930 et
182 895 297 929 omnia
319 899 522 928 ornamenta
544 893 675 937 palatii,
698 903 788 937 quae
812 892 975 926 Odoacar
997 891 1331 934 Constantinopolim
1354 890 1599 928 transmiserat,
1622 889 1775 923 remittit.
1924 888 1926 890 ’

217 1007 267 1044 17.
291 1026 333 1031 -
357 1007 391 1050 [6
393 1008 440 1050 5].
455 1006 590 1041 Eodem
605 1013 762 1050 tempore
785 1007 931 1041 intentio
947 1013 1022 1040 orta
1038 1012 1090 1039 est
1112 1007 1149 1041 in
1171 1005 1257 1038 urbe
1272 1004 1387 1041 Roma
1409 1005 1499 1038 inter
1514 1003 1759 1048 Symmachum
1776 1009 1811 1038 et
1825 1002 1981 1037 Lauren-

103 1089 104 1092 *
123 1063 224 1097 tium:
241 1061 434 1096 consacrati
451 1062 544 1094 enim
560 1061 700 1094 fuerant
714 1060 827 1094 ambo.
873 1061 1067 1098 Ordinante
1090 1060 1170 1099 deo,
1185 1060 1244 1104 qui
1261 1065 1295 1092 et
1310 1058 1435 1104 dignus
1451 1059 1527 1097 fuit,
1550 1058 1726 1103 superavit
1740 1056 1980 1101 Symmachus.

75 1111 88 1163 >¹
122 1115 206 1149 Post
229 1115 358 1148 factam
381 1125 505 1158 pacem
528 1115 565 1148 in
586 1114 673 1147 urbe
697 1114 868 1147 ecclesiae
899 1114 1087 1147 ambulavit
1110 1125 1171 1146 rex
1201 1111 1443 1146 Theodericus
1466 1112 1614 1144 Romam
1637 1117 1672 1153 et
1695 1111 1847 1153 occurrit
1877 1104 1980 1155 beato

78 1167 81 1171 ’
122 1168 227 1203 Petro
249 1169 489 1203 devotissimus
511 1179 555 1202 ac
585 1169 613 1201 si
645 1168 853 1206 catholicus3
877 1168 932 1201 cui
963 1178 1055 1210 papa
1085 1166 1313 1211 Symmachus
1340 1172 1375 1199 et
1405 1171 1549 1199 cunctus
1579 1170 1718 1199 senatus
1744 1164 1801 1196 vel
1831 1164 1978 1206 populus

122 1222 302 1264 Romanus
324 1233 403 1256 cum
426 1222 518 1255 omni
540 1221 670 1266 gaudio
694 1227 791 1254 extra
814 1221 935 1254 urbem
958 1226 1192 1254 occurrentes.

68 1315 70 1317 ,
210 1274 293 1318 [66].
308 1275 446 1309 Deinde
469 1275 613 1308 veniens
635 1276 810 1319 ingressus
832 1274 966 1309 Urbem
988 1275 1084 1307 venit
1105 1273 1152 1307 ad
1175 1279 1331 1307 senatum
1347 1279 1382 1306 et
1397 1272 1443 1306 ad
1458 1271 1623 1310 Palmam,
1646 1271 1774 1318 populo
1797 1269 1978 1313 adlocutus

77 1329 83 1346 ”
122 1339 160 1362 se
182 1329 309 1368 omnia,
331 1328 400 1363 deo
422 1329 574 1367 iuvante,
597 1327 692 1372 quod
714 1334 808 1362 retro
831 1328 1007 1372 principes
1030 1327 1180 1368 Romani
1210 1326 1468 1367 ordinaverunt,
1490 1324 1735 1358 inviolabiliter
1765 1329 1980 1357 servaturum

87 1415 101 1423 ,.
122 1382 299 1425 promittit.

211 1434 292 1478 [67].
309 1435 378 1469 Per
401 1436 628 1469 tricennalem
652 1435 868 1478 triumphans
890 1434 1019 1479 populo
1035 1433 1210 1478 ingressus
1233 1433 1408 1476 palatium,
1432 1431 1599 1466 exhibens
1614 1431 1782 1473 Romanis
1798 1430 1898 1473 ludos
1914 1430 1981 1463 cir-

75 1505 77 1507 ·
122 1489 286 1529 censium,
309 1488 452 1524 donavit
475 1490 604 1534 populo
627 1490 787 1523 Romano
811 1495 847 1522 et
869 1487 1079 1531 pauperibus
1102 1497 1257 1520 annonas
1280 1486 1423 1532 singulis
1445 1486 1545 1527 annis
1576 1491 1713 1518 centum
1741 1484 1862 1529 viginti
1886 1484 1980 1517 milia

67 1559 71 1587 g
122 1542 265 1580 modios,
289 1548 324 1576 et
345 1543 392 1576 ad
415 1543 700 1576 restaurationem
722 1542 842 1586 palatii
857 1553 919 1575 seu
934 1541 980 1575 ad
996 1541 1296 1584 recuperationem
1314 1540 1471 1582 moeniae
1488 1539 1636 1580 civitatis
1658 1538 1802 1583 singulis
1824 1538 1923 1580 annis
1938 1537 1978 1570 li-

123 1595 202 1629 bras
224 1594 393 1630 ducentas
415 1595 461 1629 de
484 1606 567 1630 arca
590 1596 724 1631 vinaria
745 1595 821 1629 dari
845 1594 1036 1639 praecepit.
1095 1590 1100 1593 ’
1562 1584 1568 1588 ’

214 1713 265 1746 18.
288 1731 330 1736 --
355 1711 437 1755 [68].
460 1712 547 1747 Item
570 1710 848 1756 Amalafrigdam
870 1721 1071 1755 germanam
1094 1720 1191 1743 suam
1217 1709 1254 1744 in
1280 1708 1532 1744 matrimonium
1555 1707 1695 1749 tradens
1718 1707 1793 1753 regi
1824 1706 1978 1746 Wanda-

121 1766 232 1800 lorum
254 1765 497 1800 Trasimundo.
542 1764 730 1803 Liberium,
753 1764 971 1807 praefectum
994 1760 1177 1805 praetorii'
1200 1772 1304 1806 quem
1326 1762 1469 1801 fecerat,
1486 1762 1524 1801 in
1552 1761 1650 1798 initio
1675 1761 1775 1805 regni
1802 1761 1865 1798 sui,
1891 1761 1978 1799 feeit
1999 1770 2076 1794 uua„
2091 1771 2139 1795 ⁶40,
2153 1769 2186 1791 v1

121 1820 303 1863 patricium
330 1825 366 1853 et
395 1818 494 1853 dedit
524 1818 556 1857 ei
587 1828 823 1857 successorem
859 1816 934 1860 [in]
969 1815 1265 1852 administratione
1292 1815 1547 1859 praefecturae.
1596 1814 1718 1858 Itaque
1759 1812 1978 1858 Theodorus,

63 1883 71 1895 ’¹
123 1873 213 1912 filius
235 1872 353 1907 Basili.

214 1989 265 2022 19.
288 2007 331 2013 —
354 1987 436 2032 [69].
459 1985 587 2026 Odoin,
609 1998 727 2021 comes
750 1987 834 2025 eius,
857 1986 1084 2020 insidiabatur
1107 1986 1157 2018 ei:
1184 1985 1267 2018 dum
1291 1985 1378 2018 haec
1401 1984 1631 2029 cognovisset,
1654 1984 1691 2017 in
1717 1962 1857 2028 palatio,
1883 1983 1978 2027 quod

121 2043 317 2087 appellatur
337 2040 542 2080 Sessorium,
565 2046 671 2084 caput
693 2041 768 2074 eius
790 2040 960 2083 amputari
988 2039 1178 2082 praecepit.

71 2194 74 2195 γ
210 2159 263 2191 20.
286 2176 328 2182 —-
351 2157 472 2191 Verba
495 2157 587 2191 enim
609 2156 844 2200 promissionis
871 2156 955 2194 eius,
978 2166 1068 2199 quae
1092 2155 1220 2199 populo
1251 2155 1366 2189 fuerat
1387 2153 1579 2193 adlocutus,
1605 2159 1751 2198 rogante
1774 2151 1913 2196 populo,
1939 2153 1976 2187 in

59 2222 80 2253 ῥ’
120 2212 238 2247 tabula
259 2222 371 2245 aenea
392 2211 491 2246 iussit
513 2210 617 2244 scribi
642 2216 677 2244 et
699 2210 736 2244 in
758 2209 899 2254 publico
922 2210 1015 2252 poni.
2057 2223 2073 2237 .

65 2363 68 2366 ,
213 2326 267 2359 21.
290 2345 331 2350 -—-
356 2326 436 2369 [70].
462 2325 599 2359 Deinde
630 2331 727 2358 sexto
758 2335 877 2357 mense
908 2329 1086 2357 revertens
1117 2323 1322 2356 Ravennam
1352 2322 1455 2355 aliam
1484 2332 1685 2368 germanam
1714 2332 1809 2356 suam
1836 2320 1976 2356 Amala-

52 2372 67 2415 ,³
121 2380 255 2425 birgam
276 2379 418 2413 tradens
441 2379 477 2412 in
499 2378 716 2412 matrimonio
739 2377 1013 2415 Herminifredo,
1036 2377 1111 2422 regi
1136 2376 1387 2422 Turingorum:
1411 2382 1446 2410 et
1461 2376 1511 2409 sic
1530 2375 1596 2416 sibi
1620 2386 1683 2426 per
1698 2375 1880 2420 circinum:
1894 2374 1976 2419 ‘pla-

58 2458 62 2466 „
122 2433 216 2468 cavit
237 2443 358 2471 omnes
379 2438 514 2477 gentes.

215 2620 238 2639 1.
257 2613 332 2647 polll
347 2611 352 2645 Ι
367 2614 414 2638 tus
432 2612 460 2637 B
476 2625 488 2631 -
506 2613 596 2638 allum
615 2619 674 2637 non
692 2612 757 2637 BP
771 2625 805 2630 —
826 2617 850 2644 5.
869 2611 1003 2644 areaagni
1021 2611 1048 2635 B
1054 2620 1065 2639 ‚-
1083 2611 1232 2644 areeeagnl
1250 2610 1280 2636 P
1295 2623 1328 2629 -
1347 2610 1374 2636 6.
1393 2610 1585 2644 theodegotha
1603 2610 1630 2635 B
1648 2623 1681 2628 —
1700 2608 1756 2643 ῤ·7.
1773 2610 1917 2644 gundebai
1931 2610 1976 2642 Β,·

123 2655 306 2690 gundebaudi
317 2655 346 2680 P
363 2669 395 2673 —-
415 2653 440 2680 8.
460 2655 674 2689 presumptIone
686 2654 729 2683 Β,·
748 2653 979 2687 praesumptione
997 2651 1042 2677 B2
1055 2666 1088 2671 —
1102 2661 1128 2687 9.
1145 2660 1215 2688 quas
1233 2653 1272 2684 23
1285 2660 1357 2686 quae
1369 2651 1414 2684 B²
1432 2665 1445 2672 -
1457 2652 1602 2682 odoachar
1613 2651 1642 2676 Ε
1648 2653 1718 2678 Ρ-
1734 2646 1776 2678 io.
1788 2651 1913 2686 “tetho
1932 2653 1977 2682 P.-

55 2717 60 2726 ,-
124 2698 275 2724 contentIo
288 2695 333 2723 1²¹
351 2710 362 2716 -
374 2704 525 2732 ,symacum
544 2697 588 2726 B,-
601 2696 763 2731 symachum
776 2696 804 2721 P
820 2708 854 2715 -
875 2703 916 2721 11.
934 2696 1095 2721 consecrati
1114 2696 1140 2720 P
1156 2708 1168 2714 -
1187 2695 1279 2721 suerat
1297 2695 1341 2724 Β,·
1362 2695 1476 2721 fuerant
1493 2692 1538 2718 Βι
1557 2707 1568 2713 -
1587 2696 1616 2720 et-
1634 2702 1725 2729 ⁶⁰55?
1737 2694 1764 2729 el
1775 2693 1839 2721 BP
1854 2707 1866 2714 -
1885 2701 1976 2730 cyrna-

55 2736 76 2779 Γ
125 2740 192 2765 chus
212 2740 274 2765 ΒΡ
290 2752 324 2758 -
345 2745 386 2764 ι2.
405 2739 482 2764 facta
505 2746 574 2773 pace
592 2739 618 2763 B
639 2751 651 2757 -
675 2738 771 2762 urbem
796 2737 822 2761 B
835 2737 860 2762 Ρ
881 2750 893 2756 -
917 2737 1049 2762 ecclatim
1073 2737 1187 2762 bulavit
1204 2737 1248 2765 Β,·
1273 2737 1425 2762 aecclesiae
1448 2735 1608 2762 ambulavit
1631 2734 1678 2760 Βι
1700 2749 1734 2755 -
1762 2743 1803 2770 13·
1826 2736 1975 2770 symachus

124 2782 188 2808 BP
202 2796 236 2801 —
258 2789 299 2814 ¹4·
317 2782 403 2807 urbae
420 2781 465 2809 Β,·
483 2781 551 2815 urbe
568 2778 613 2805 B³
631 2781 660 2806 P
676 2794 709 2799 ——
731 2779 771 2805 16.
789 2779 825 2804 *e
843 2780 886 2808 Β,·
904 2786 933 2804 se
951 2776 1013 2803 8¹²²
1030 2779 1060 2805 P
1075 2792 1087 2798 -
1106 2778 1288 2805 Inviolabss*
1307 2779 1351 2808 Β,·
1368 2778 1579 2804 inviolabiliter
1596 2775 1641 2802 B‘
1659 2778 1688 2804 Ρ
1703 2792 1736 2797 -
1757 2776 1831 2813 ιΒ-Ρ.
1851 2777 1894 2809 18,
1912 2778 1931 2803 l.
1948 2786 1975 2814 9.-

125 2831 175 2858 per
193 2823 441 2850 tricennalem...
464 2824 563 2856 gentes
587 2825 635 2846 ’σηι-
656 2822 700 2849 Ρ,·
714 2822 750 2850 4-
764 2821 791 2846 Β
814 2834 848 2840 —·
863 2828 904 2854 19.
923 2821 1045 2846 donavit
1063 2820 1090 2845 Β
1096 2830 1108 2849 ,·
1132 2820 1309 2854 donavitque
1327 2818 1371 2845 Βε
1395 2833 1408 2839 -
1432 2827 1542 2845 anonas
1559 2820 1586 2844 B
1604 2834 1636 2838 —
1657 2825 1699 2846 ao.
1724 2820 1933 2846 restauratlone
1943 2819 1975 2853 (ἶ)

125 2865 152 2890 Β
170 2879 203 2886 -
223 2871 266 2891 21.
278 2865 433 2890 duocentas
447 2864 473 2889 Β
490 2877 525 2883 -
544 2870 587 2889 22.
605 2862 794 2896 amalasrlgda
811 2869 946 2896 germana
964 2869 1014 2888 sua
1032 2862 1069 2891 Β,
1081 2865 1189 2888 emmo
1207 2858 1254 2888 coin
1272 2862 1441 2887 l'aecusativo
1458 2861 1505 2886 dal
1522 2861 1615 2893 Rom,
1629 2864 1659 2894 p.
1677 2861 1732 2892 576
1750 2876 1783 2881 —
1809 2867 1851 2895 23.
1873 2862 1977 2887 transl-

126 2907 234 2933 mundo
251 2907 280 2932 Β
295 2920 308 2926 -
333 2908 491 2940 preceetum
509 2906 553 2935 Β,·
578 2905 750 2940 praefectum
769 2904 853 2936 8¹¹3
871 2905 902 2930 ln
915 2902 979 2929 ΒΗ
992 2918 1025 2923 -
1040 2910 1083 2938 24.
1101 2905 1143 2930 els
1156 2904 1206 2929 B·
1225 2905 1256 2930 ln
1275 2912 1347 2937 cong.
1357 2914 1369 2933 ,·
1387 2912 1436 2930 om.
1448 2904 1475 2928 B
1495 2917 1507 2923 -
1528 2903 1704 2938 praefecture
1721 2903 1766 2933 Β,·
1784 2904 1976 2938 praefecturae

62 2974 65 2981 ,Δ
126 2947 170 2974 Β*
183 2962 218 2968 -
230 2948 274 2974 26.
292 2949 382 2974 comis
394 2949 421 2972 B
437 2961 450 2967 -
467 2948 518 2973 hec
531 2948 575 2976 B,-
592 2947 660 2972 haec
679 2944 723 2971 B²
736 2959 770 2965 —
783 2951 826 2980 27.
839 2947 990 2972 sessarlum
1002 2946 1029 2971 Β
1039 2958 1053 2966 -
1065 2947 1157 2981 capud
1170 2947 1196 2971 B
1214 2959 1248 2966 —·
1268 2946 1311 2972 28.
1324 2946 1412 2979 queB
1429 2959 1462 2964 —-
1483 2952 1526 2980 29.
1538 2945 1630 2972 allaB
1643 2959 1676 2966 —
1691 2944 1991 2980 30-3t.'amalabirga'

12 2999 15 3003 ·
59 2996 99 3018 *xo
126 2991 154 3016 Β
165 3003 198 3011 -
213 2997 256 3024 31·
273 2989 479 3015 hermlnlfredo
492 2989 518 3014 Β
523 2998 535 3018 ‚—
547 2988 751 3015 hermlnisrldo
762 2986 807 3014 Β*
819 3001 852 3008 -
872 2994 963 3023 31·3².
974 2988 1085 3023 plaeust
1103 2988 1238 3015 omnibus
1255 2988 1388 3022 gentibu-
1401 2987 1428 3013 B

286 3104 635 3139 T.XXIV‚p.1v—2.
