2476 3516
628 201 785 237 STUDI
813 199 1006 236 CRITICI
1032 196 1388 234 PRELIMINARI

165 337 356 373 Premetto
385 335 453 371 che
482 347 557 371 non
583 333 713 382 voglio
742 344 934 380 esagerare
962 331 1225 379 l'importanza
1253 328 1290 365 di
1319 333 1420 365 certe
1449 326 1689 365 coincidenze
1716 326 1876 372 formali,
1906 326 1939 362 le

71 402 188 444 wale
215 384 568 450 potrebbero‘esser
595 399 816 448 giustificate
845 397 973 447 (come
1001 399 1039 433 in
1065 403 1170 445 parte
1198 397 1238 433 lo
1264 393 1414 445 furono)
1436 395 1483 430 da
1500 406 1572 430 una
1590 394 1691 430 fonte
1711 393 1774 440 piu
1794 397 1940 428 remota

101 479 235 508 omune
265 469 300 503 ai
329 467 401 503 due
429 467 562 503 autori.
617 466 666 501 Se
695 469 826 512 questo
862 462 1017 500 metodo
1054 464 1184 500 critico
1219 464 1268 498 ha
1295 462 1320 498 il
1357 475 1424 498 suo
1451 462 1527 497 lato
1554 462 1696 506 buono,
1725 472 1800 496 non
1826 472 1865 495 se
1893 472 1940 494 ne

75 540 174 582 {seve
201 535 293 581 perb
320 545 534 570 accrescere
562 533 588 568 il
607 532 748 577 valore,
769 543 877 567 corne
896 531 1013 567 talora
1031 531 1069 566 fu
1087 531 1192 575 fatto,
1219 529 1356 577 perche
1384 529 1409 565 l’
1419 541 1485 565 uso
1505 528 1605 573 della
1623 534 1736 564 stessa
1753 527 1847 562 frase
1866 528 1942 573 pub

76 606 87 621 ³
106 600 277 650 'pendere
296 600 416 636 talora
435 600 483 635 da
501 612 572 636 una
591 599 735 636 casuale
756 598 1012 635 coincidenza.
1051 597 1235 633 Piuttosto
1253 598 1305 632 mi
1332 608 1400 643 par
1427 596 1575 632 difficile
1596 595 1664 631 che
1682 607 1759 630 non
1785 594 1813 629 si
1835 604 1942 640 possa

72 675 96 715 ²}
112 679 232 705 usare
259 679 281 703 a
308 668 466 716 qualche
493 666 691 712 relazione,
712 666 861 713 quando
885 665 1050 700 l'affinita
1077 664 1273 701 trascenda
1300 663 1323 698 Ρ
1334 675 1401 699 uso
1426 663 1467 698 di
1496 673 1566 698 una
1594 663 1690 697 frase
1720 662 1771 698 od
1799 673 1941 708 espres-

71 737 183 782 J’one
212 747 232 771 e
259 735 404 782 penetri
423 734 482 769 nel
503 744 698 780 congegno
726 737 843 768 stesso
872 731 1088 779 dell’opera,
1108 731 1204 767 nella
1233 743 1297 767 sua
1317 731 1446 766 intima
1472 734 1646 765 struttura
1675 741 1707 774 e,
1728 741 1795 776 pur
1822 728 1940 764 talora

72 800 312 848 μ’νετὲεῑιάο
331 813 355 836 0
381 799 480 836 nella
499 804 604 847 parte
628 798 797 844 formale,
818 811 842 834 o
869 798 906 833 in
934 797 1088 845 qualche
1117 796 1310 844 dettaglio,
1329 796 1446 832 risulti
1474 795 1646 832 evidente
1674 795 1701 831 il
1730 795 1876 842 legame
1905 794 1942 830 di

101 859 317 914 oncezione‚
345 867 409 924 piu
438 867 506 903 che
536 866 574 902 di
601 867 734 902 forma.
789 866 881 901 Non
908 866 938 900 si
965 870 1089 909 natta,
1118 864 1193 900 ben
1221 862 1424 908 s’intende‚
1454 864 1492 899 di
1520 863 1657 910 plagio,
1686 874 1747 897 ma
1774 862 1803 898 si
1831 867 1940 898 tratta

143 948 193 972 un
221 935 324 971 abito
343 934 516 979 mentale,
537 934 572 969 al
591 933 701 981 quale
731 945 780 968 un
799 937 928 968 autore
947 945 1023 968 non
1049 932 1125 979 pub
1153 931 1329 976 sottrarsi,
1360 943 1380 966 e
1411 931 1477 966 che
1506 930 1647 977 magari
1677 929 1750 977 egli
1769 930 1797 965 si
1827 929 1943 965 sforza

65 997 74 1044 1⁹
143 1002 198 1038 far
225 1001 480 1045 dimenticare,
500 1011 561 1035 ma
589 1012 657 1047 pur
675 1001 821 1036 rinasee
851 1004 982 1035 contro
1010 1011 1077 1035 sua
1105 999 1232 1045 voglia
1258 1010 1326 1046 per
1354 998 1534 1033 necessita
1562 997 1599 1032 di
1629 1008 1728 1032 cose.

167 1069 331 1115 Orbene,
360 1073 488 1116 questa
524 1066 824 1103 considerazione
855 1068 875 1102 ὲ
903 1066 1122 1115 applicabile
1155 1065 1227 1101 alla
1258 1064 1559 1110 Theodericiana,
1591 1064 1776 1100 costituita
1805 1063 1841 1098 di
1875 1075 1946 1099 una

63 1137 171 1188 3serie
200 1135 238 1172 di
266 1135 476 1171 frammenti
503 1146 612 1170 senza
640 1134 748 1169 alcun
776 1145 884 1169 nesso
911 1134 967 1169 sta
994 1132 1098 1169 loro?
1120 1134 1139 1167 ὲ
1157 1131 1332 1179 possibile
1353 1132 1449 1167 forse
1468 1131 1679 1166 ricostruire
1708 1131 1743 1166 la
1770 1135 1943 1166 struttura

62 1203 292 1250 dell’opem,
323 1202 449 1238 donde
476 1202 610 1237 furono
627 1185 778 1237 Γεεῒπηΐτί
809 1201 892 1248 quei
922 1201 1038 1245 brani,
1069 1212 1089 1235 e
1117 1199 1356 1234 rintracciare
1384 1198 1410 1233 il
1439 1198 1503 1233 filo
1529 1197 1749 1234 conduttore
1778 1197 1832 1232 sta
1860 1197 1945 1245 quel

59 1269 228 1308 cumulo
257 1270 295 1305 di
323 1270 462 1306 notizie
490 1268 754 1316 inorganiche?
788 1268 836 1304 Se
865 1281 940 1304 non
967 1268 1064 1304 fosse
1101 1266 1293 1302 soverchia
1322 1266 1492 1301 temerita
1521 1265 1748 1301 cominciare
1777 1277 1848 1300 con
1877 1277 1948 1300 una

59 1336 351 1380 ἀίῖετωαῑὶοηᾳ
381 1336 418 1371 io
447 1335 539 1371 direi
568 1334 605 1369 di
633 1335 685 1370 si:
716 1345 776 1369 ma
794 1334 995 1381 preferisco
1022 1333 1151 1368 lasciar
1170 1332 1312 1380 pai-lare
1341 1333 1353 1367 i
1381 1332 1475 1378 fatti,
1495 1333 1614 1379 prima
1641 1331 1676 1367 di
1708 1331 1942 1377 concludere,

79 1408 186 1440 tanto
203 1404 267 1450 piu
287 1403 354 1439 che
382 1401 642 1438 l’Anonimo
673 1403 693 1437 e
721 1414 769 1436 un
799 1401 1009 1448 complesso
1037 1400 1075 1436 di
1102 1400 1313 1436 frammenti
1343 1400 1644 1436 evidentemente
1673 1400 1812 1435 estratti
1830 1400 1893 1446 piu
1921 1412 1945 1434 o

52 1484 63 1506 ;
80 1482 194 1507 meno
222 1470 461 1506 liberamente
491 1470 539 1505 da
567 1468 744 1516 un'opera
773 1468 972 1516 completa,
1010 1467 1058 1502 ed
1095 1468 1234 1514 esposti
1269 1467 1308 1502 in
1335 1468 1456 1504 forma
1497 1467 1727 1511 riassuntiva,
1757 1466 1946 1513 probabil-

79 1541 206 1573 mente
223 1548 291 1584 per
309 1537 556 1573 determinare
583 1540 683 1572 sotto
702 1536 821 1571 forma
839 1535 901 1582 piu
920 1535 1035 1571 breve
1055 1547 1103 1570 un
1132 1535 1278 1582 legame
1298 1534 1352 1570 fra
1373 1535 1455 1571 essi.
1511 1535 1572 1571 Da
1592 1539 1721 1582 questo
1749 1534 1841 1569 fatto
1870 1545 1944 1568 non

57 1589 111 1640 ⁴¹si
138 1606 213 1652 pub
244 1602 479 1651 prescindere
508 1615 574 1650 per
601 1604 790 1650 giudicare
821 1602 881 1639 del
909 1602 1038 1638 valore
1066 1601 1165 1637 delle
1193 1601 1337 1638 lacune.

166 1671 201 1707 E
228 1671 403 1706 veniamo
432 1669 579 1717 dunque
607 1669 641 1704 al
671 1670 881 1706 confronto.

169 1736 456 1774 L'Anonimo
484 1737 684 1772 comincia:
715 1735 847 1786 Igitur
873 1736 1077 1783 imperante
1095 1735 1243 1771 Zenone
1261 1734 1433 1784 Augusto
1458 1734 1789 1782 Constantinopoli,
1819 1738 1944 1781 super-

47 1847 57 1857 „
81 1805 232 1841 veniens
259 1803 387 1850 Nepos
412 1803 468 1839 ad
483 1805 636 1850 portum
673 1802 784 1839 Urbis
811 1803 958 1839 Romae
987 1803 1157 1849 deposuit
1182 1802 1225 1839 de
1251 1802 1406 1850 imperio
1436 1800 1648 1851 Glycerium
1678 1803 1713 1836 et
1738 1803 1863 1848 factus
1892 1804 1946 1837 est

48 1890 51 1904 ;
80 1873 274 1918 episcopus
300 1872 336 1906 et
352 1869 481 1917 Nepos
499 1871 636 1919 sactus
664 1855 870 1917 imperator
890 1871 1043 1906 Romae.
1099 1869 1240 1910 Questa
1268 1869 1387 1916 prima
1405 1870 1543 1905 notizia
1563 1870 1592 1904 si
1619 1873 1728 1904 trova
1754 1870 1792 1904 in
1820 1868 1945 1904 Iorda-

54 1965 61 1985 z
81 1949 156 1984 nes,
186 1937 372 1983 Romana,
393 1938 468 1973 338
500 1950 520 1973 e
549 1937 647 1973 nella
678 1936 821 1983 Getica,
842 1949 924 1985 cap.
943 1937 1067 1983 XLV,
1099 1938 1188 1982 239,
1208 1949 1374 1984 espressa
1401 1937 1439 1972 in
1458 1937 1576 1972 forma
1604 1937 1763 1981 diversa,
1784 1937 1830 1971 ne
1851 1936 1947 1973 deve

49 2055 52 2058 Δ
79 2005 350 2052 sorprenderci,
370 2004 507 2052 perche
534 2004 710 2040 Iordanes
729 2004 890 2052 dipende
917 2005 955 2039 in
973 2009 1078 2053 parte
1108 2004 1154 2040 da
1173 2004 1396 2040 Marcellino
1425 2005 1546 2040 Conte
1561 2003 1586 2039 ¹.
1645 2004 1716 2040 Fra
1734 2005 1747 2040 i
1766 2003 1837 2039 due
1866 2004 1948 2040 testi

47 2154 125 2186 “tre
144 2167 204 2185 non
229 2158 244 2185 ὲ
269 2160 365 2185 alleno
391 2160 627 2186 dall’ammettere
652 2161 681 2186 la
707 2152 812 2186 diretta
832 2161 914 2186 fonte
940 2161 984 2186 del
1041 2161 1115 2185 urbis
1127 2161 1224 2186 Romae
1243 2161 1376 2193 episcopus
1395 2161 1549 2189 ordinatur,
1563 2161 1624 2185 edi
1641 2160 1718 2184 Fasti
1740 2159 1819 2184 Vn'nd.
1835 2160 1892 2190 pri.
1911 2159 1947 2183 ad

51 2214 53 2217 ·
82 2203 177 2236 primo
195 2203 227 2227 in
245 2202 401 2227 Ammlano
423 2202 605 2234 Marcellino,
624 2203 652 2228 la
671 2203 753 2228 crede
773 2210 856 2228 meno
882 2203 986 2236 proba-

81 2245 141 2270 bue
159 2252 209 2278 per
226 2244 377 2270 Iordanes:
403 2253 448 2270 ma
470 2253 528 2270 non
547 2243 562 2270 ὲ
582 2245 675 2270 molto
701 2245 813 2278 preciso
833 2245 910 2270 nella
936 2252 987 2270 sua

49 2300 52 2301 ν
82 2287 338 2321 argomentazione
355 2287 390 2312 ed
410 2287 513 2312 oscilla
533 2287 578 2312 fra
596 2287 753 2312 Ammlano
773 2295 787 2312 e
801 2287 986 2319 Cassiodoro,

56 2343 57 2346 =
82 2337 168 2355 senza
187 2331 245 2355 mai
258 2330 319 2355 dite
338 2331 562 2363 espressamente
581 2338 609 2356 se
628 2331 673 2355 fra
691 2330 828 2355 Iordanes
847 2337 863 2354 e
881 2330 899 2354 1⁷
906 2329 988 2362 Origo

50 2375 57 2401 ζ
83 2372 170 2398 esista
189 2379 208 2397 o
227 2379 310 2397 meno
330 2380 388 2397 una
405 2373 545 2405 qualslasl
564 2373 719 2398 relazione.

46 2444 53 2448 ‚
173 2413 180 2430 ¹
199 2414 397 2440 Maluentum
418 2414 532 2444 Coma,
550 2415 696 2439 Chronico,-
717 2414 801 2447 (ediz.
820 2414 988 2446 Mommsen,

45 2454 53 2482 Ῐ
87 2456 217 2482 Chronica
234 2457 356 2486 Minora,
380 2457 416 2488 11,
435 2456 480 2490 91)
506 2457 542 2482 ad
569 2464 616 2482 an.
635 2463 703 2490 474:
732 2457 872 2489 Glycerius
894 2457 990 2481 Caesar

44 2492 57 2526 .””
83 2500 182 2526 Romae
199 2502 342 2533 imperium
359 2504 460 2530 tenens,
473 2509 490 2525 a
502 2502 613 2533 Nepote,
625 2501 783 2525 Marcellini
799 2502 931 2533 quondam
940 2504 989 2533 po-

44 2555 54 2573 3
83 2544 160 2568 mcii
169 2544 267 2568 sororis
272 2543 348 2577 filio,
360 2544 471 2575 imperio
484 2544 610 2576 expulsus
623 2545 653 2567 in
672 2544 750 2568 Porto
762 2545 838 2568 urIn's
850 2544 948 2568 Romae
959 2550 992 2567 ex

45 2595 46 2598 ¹
88 2585 198 2610 Caesare
210 2586 344 2618 episcopus
355 2587 495 2610 ordinatus
512 2589 557 2611 est.
594 2586 619 2611 Il
633 2586 801 2618 Mommsen,
815 2587 871 2611 loc.
890 2586 948 2615 cit.‚
962 2585 991 2609 fa

44 2623 45 2627 ¹
84 2626 239 2660 dlpendere
257 2627 285 2652 le.
304 2628 416 2652 notizia
435 2627 467 2651 dl
478 2627 615 2652 Iordanes
629 2628 665 2652 da
677 2627 858 2658 Marcellino,
871 2634 887 2652 e
904 2626 989 2652 credo

85 2679 101 2696 a
118 2671 238 2704 ragione
256 2679 305 2704 per
323 2679 381 2697 una
399 2673 493 2705 parte:
509 2672 612 2697 infatti
633 2672 703 2701 Get..
716 2670 801 2702 XLV,
815 2678 882 2705 239:
898 2671 990 2704 Glyce-

83 2714 203 2738 riu-u...
225 2712 322 2737 Caesar
338 2712 502 2746 effictum...
521 2713 614 2745 Nepus
626 2713 783 2738 Marcellini
799 2714 932 2746 quondam
940 2716 991 2746 pa-

84 2755 163 2780 trlctt'
171 2757 268 2780 sororis
274 2755 394 2788 filius...
402 2772 410 2781 .
422 2756 452 2780 in
463 2756 543 2781 Porto
559 2756 673 2780 Romano
685 2757 832 2788 epm-opum
844 2756 990 2784 ordinavit,

84 2796 120 2822 ed
138 2803 245 2822 ancora
263 2797 292 2822 la
310 2797 398 2827 Rom„
418 2797 484 2831 338:
503 2798 536 2822 ab
554 2798 665 2830 imperio
683 2797 815 2830 expellens
834 2799 939 2822 stanno
958 2798 990 2822 in

41 2852 42 2855 ¹
85 2841 191 2867 diretta
204 2841 383 2875 dlpendenz‘a
403 2842 437 2867 da
457 2842 643 2867 Marcellino:
658 2849 718 2867 non
731 2842 777 2875 pel
791 2844 876 2873 resto,
890 2842 940 2866 che
953 2842 991 2866 ri-

40 2882 52 2918 ]
85 2883 150 2908 vela
163 2884 192 2908 la
204 2891 381 2909 comunanza
395 2881 445 2917 piix
462 2885 604 2917 prosslma
617 2892 671 2909 con
684 2884 756 2909 altre
769 2884 856 2909 fonti.
879 2883 989 2909 L’Auct.

48 2943 50 2945 -
86 2925 177 2950 Haun.
191 2926 247 2950 ord.
258 2929 318 2958 post
332 2926 443 2955 (chron.
456 2927 576 2955 Minora,
586 2926 608 2958 1,
623 2926 674 2960 306
688 2926 768 2960 sgg.),
778 2926 814 2951 ad
827 2934 872 2952 an.
887 2923 950 2958 474,
960 2931 989 2951 3:

14 2998 16 3002 y
48 2980 54 2987 w
88 2967 229 3000 Glycertus
249 2968 281 2992 de
299 2969 410 2999 imperio
435 2969 548 2993 deiectus
567 2976 583 2993 a
601 2968 701 3000 Nepote
721 2969 837 3000 patria-io
860 2969 891 2993 in
905 2971 987 3000 portu

1039 2210 1085 2228 an.
1104 2210 1171 2236 474:
1192 2203 1329 2235 [deiectus]
1355 2204 1387 2227 de
1405 2204 1516 2235 imperio
1538 2204 1684 2232 Glicnius,
1703 2203 1801 2227 hanno
1827 2201 1947 2234 qualche

1039 2246 1181 2270 elemento
1202 2246 1232 2270 di
1244 2246 1389 2275 Iordanes,
1404 2253 1449 2270 ma
1469 2244 1504 2271 ne
1517 2245 1698 2275 Marcellino,
1710 2243 1744 2269 ne
1758 2244 1947 2277 quest'ultimi

1042 2289 1179 2322 spiegano
1199 2288 1286 2317 Rom„
1313 2287 1379 2321 338:
1410 2289 1466 2320 Qui
1490 2289 1583 2320 Nepus
1607 2295 1687 2320 regno
1703 2288 1805 2319 potitus
1831 2287 1947 2318 legitimo

1043 2331 1209 2363 Glycerium,
1235 2332 1285 2362 qui
1307 2332 1361 2355 sibi
1377 2332 1517 2363 tyrannico
1538 2338 1607 2355 more
1626 2338 1713 2362 regem
1738 2331 1913 2361 imposuisset,
1933 2336 1947 2353 e

1044 2374 1114 2402 Get„
1126 2373 1218 2404 XLV,
1240 2380 1306 2407 239.-
1325 2381 1403 2405 quem
1421 2381 1491 2398 anno
1509 2374 1556 2398 vix
1574 2373 1687 2405 expleto,
1706 2372 1780 2397 dove
1802 2372 1946 2405 piuttosto

1042 2416 1066 2440 si
1087 2416 1216 2440 ricorda:
1229 2417 1351 2440 successit
1363 2417 1393 2439 in
1405 2423 1486 2448 regno
1500 2415 1530 2439 di
1544 2414 1731 2440 Cassiodoro.
1769 2414 1815 2439 Cf.
1833 2413 1947 2443 WArrz,

1042 2461 1081 2489 op.
1095 2459 1153 2486 cit„
1167 2465 1193 2491 p.
1207 2466 1256 2491 91=
1275 2458 1544 2487 HOLDER-HEGGER‚
1557 2460 1597 2489 op.
1610 2458 1669 2486 cit„
1682 2464 1709 2490 p.
1723 2456 1790 2490 318:r
1810 2456 1947 2486 Ossscnu,

1042 2503 1082 2532 op.
1101 2500 1158 2528 cit„
1178 2507 1206 2532 p.
1226 2499 1268 2533 76.
1303 2500 1328 2524 Il
1348 2500 1442 2525 Waitz
1460 2507 1575 2525 osserva
1595 2500 1646 2524 che
1664 2499 1687 2523 il
1707 2499 1831 2523 secondo
1852 2498 1948 2522 Romae

1043 2542 1319 2572 dell’Anonimo,
1344 2544 1428 2567 trova
1456 2550 1496 2567 un
1526 2542 1671 2566 riscontro
1699 2542 1731 2566 in
1760 2540 1947 2571 Cassiodoro‚
1978 2551 1990 2558 ⁶

1048 2586 1153 2617 Chr-om,
1168 2595 1190 2612 a.
1206 2591 1258 2619 474
1269 2586 1350 2619 (ediz.
1361 2587 1519 2612 Mommsen
1533 2587 1591 2616 cit„
1601 2586 1637 2616 II,
1654 2585 1723 2619 19o):
1735 2585 1774 2609 Eo
1787 2586 1867 2609 etlam
1879 2591 1948 2609 anno

1042 2628 1140 2653 Romae
1161 2629 1283 2661 Glycerio
1301 2629 1388 2661 Nepos
1399 2629 1522 2653 successit
1533 2629 1563 2653 in
1581 2636 1672 2660 regno,
1689 2635 1735 2652 ma
1748 2627 1893 2660 propende
1911 2627 1947 2651 ad

1043 2671 1209 2695 escluderne
1228 2671 1256 2695 la
1275 2671 1475 2702 connessione,
1495 2669 1596 2703 perche
1615 2670 1637 2694 il
1663 2677 1748 2703 passo
1767 2671 1792 2694 si
1812 2670 1948 2694 avvicina

1044 2713 1189 2746 piuttosto
1208 2714 1268 2746 agli
1287 2713 1355 2738 altri
1375 2713 1552 2747 cronografi:
1578 2713 1612 2737 ed
1639 2713 1740 2738 insattl
1769 2712 1948 2742 Marcellino,

1043 2756 1079 2780 ad
1098 2763 1144 2781 an.
1164 2753 1227 2787 475,
1246 2761 1275 2780 2:
1294 2755 1392 2780 Romae
1410 2755 1526 2779 elevatus
1544 2758 1582 2779 est
1594 2756 1747 2787 imperator.
1785 2753 1843 2779 Ora
1862 2756 1906 2779 sta
1925 2755 1945 2778 i]

1044 2798 1120 2823 fatto
1140 2798 1190 2823 che
1204 2797 1392 2829 cassiodoro,
1411 2797 1631 2822 l'Anonimo
1650 2805 1665 2822 e
1683 2797 1821 2822 Iordanes
1836 2803 1947 2829 presen-

1044 2841 1122 2869 ωηο,
1136 2839 1172 2864 ad
1184 2840 1346 2864 esclusione
1359 2839 1404 2863 dei
1424 2839 1500 2872 passi
1519 2838 1680 2863 altrimenti
1694 2839 1807 2863 dedotti
1820 2838 1857 2862 da
1873 2838 1947 2862 Mar-

1043 2884 1160 2914 cellino,
1173 2891 1231 2908 una
1244 2883 1410 2908 fislonomia
1429 2883 1556 2916 propria,
1576 2883 1626 2908 che
1645 2883 1803 2908 determina
1822 2889 1879 2907 una
1895 2889 1948 2915 pur

1043 2929 1128 2951 tenue
1147 2926 1357 2951 correlazionee
1384 2926 1421 2950 ha
1440 2926 1538 2950 valore
1558 2925 1715 2958 l’analogia
1735 2925 1810 2949 della
1835 2924 1947 2949 notizia

1977 2333 2007 2359 ²5

1977 2759 2008 2784 35

1042 2968 1118 2993 della
1141 2968 1329 3002 deposizIone
1348 2967 1377 2992 di
1403 2966 1534 2992 Gllcerio
1553 2975 1567 2992 e
1593 2967 1770 2993 successione
1789 2966 1819 2991 di
1839 2966 1948 2998 Nepote
1975 2971 2010 2997 40
